%YAML 1.1
%TAG !u! tag:unity3d.com,2011:
--- !u!1 &7335714867569113587
GameObject:
  m_ObjectHideFlags: 0
  m_CorrespondingSourceObject: {fileID: 0}
  m_PrefabInstance: {fileID: 0}
  m_PrefabAsset: {fileID: 0}
  serializedVersion: 6
  m_Component:
  - component: {fileID: 7335714867569113590}
  - component: {fileID: 7335714867569113585}
  - component: {fileID: 7335714867569113584}
  m_Layer: 0
  m_Name: PREFAB_Terrain_Parallax
  m_TagString: Untagged
  m_Icon: {fileID: 0}
  m_NavMeshLayer: 0
  m_StaticEditorFlags: 4294967294
  m_IsActive: 1
--- !u!4 &7335714867569113590
Transform:
  m_ObjectHideFlags: 0
  m_CorrespondingSourceObject: {fileID: 0}
  m_PrefabInstance: {fileID: 0}
  m_PrefabAsset: {fileID: 0}
  m_GameObject: {fileID: 7335714867569113587}
  m_LocalRotation: {x: 0, y: 0, z: 0, w: 1}
  m_LocalPosition: {x: 0, y: 0, z: 0}
  m_LocalScale: {x: 1, y: 1, z: 1}
  m_Children:
  - {fileID: 4100921861287221738}
  m_Father: {fileID: 0}
  m_RootOrder: 0
  m_LocalEulerAnglesHint: {x: 0, y: 0, z: 0}
--- !u!218 &7335714867569113585
Terrain:
  m_ObjectHideFlags: 0
  m_CorrespondingSourceObject: {fileID: 0}
  m_PrefabInstance: {fileID: 0}
  m_PrefabAsset: {fileID: 0}
  m_GameObject: {fileID: 7335714867569113587}
  m_Enabled: 1
  serializedVersion: 3
  m_TerrainData: {fileID: 15600000, guid: d44fbc692b66e654c8198b1599903dac, type: 2}
  m_TreeDistance: 2000
  m_TreeBillboardDistance: 50
  m_TreeCrossFadeLength: 5
  m_TreeMaximumFullLODCount: 50
  m_DetailObjectDistance: 0
  m_DetailObjectDensity: 0
  m_HeightmapPixelError: 20
  m_SplatMapDistance: 250
  m_HeightmapMaximumLOD: 0
  m_CastShadows: 1
  m_DrawHeightmap: 1
  m_DrawInstanced: 1
  m_DrawTreesAndFoliage: 1
  m_ReflectionProbeUsage: 1
  m_MaterialType: 3
  m_LegacySpecular:
    serializedVersion: 2
    rgba: 4286545791
  m_LegacyShininess: 0.078125
  m_MaterialTemplate: {fileID: 2100000, guid: 22ff8771d87ef27429e670136399094b, type: 2}
  m_BakeLightProbesForTrees: 0
  m_PreserveTreePrototypeLayers: 1
  m_ScaleInLightmap: 1
  m_LightmapParameters: {fileID: 15201, guid: 0000000000000000f000000000000000, type: 0}
  m_GroupingID: 1
  m_AllowAutoConnect: 1
--- !u!154 &7335714867569113584
TerrainCollider:
  m_ObjectHideFlags: 0
  m_CorrespondingSourceObject: {fileID: 0}
  m_PrefabInstance: {fileID: 0}
  m_PrefabAsset: {fileID: 0}
  m_GameObject: {fileID: 7335714867569113587}
  m_Material: {fileID: 0}
  m_Enabled: 1
  m_TerrainData: {fileID: 15600000, guid: d44fbc692b66e654c8198b1599903dac, type: 2}
  m_EnableTreeColliders: 1
--- !u!1 &7359407108737530707
GameObject:
  m_ObjectHideFlags: 0
  m_CorrespondingSourceObject: {fileID: 0}
  m_PrefabInstance: {fileID: 0}
  m_PrefabAsset: {fileID: 0}
  serializedVersion: 6
  m_Component:
  - component: {fileID: 4100921861287221738}
  - component: {fileID: 6993996714219915237}
  - component: {fileID: 1859311372137416180}
  m_Layer: 0
  m_Name: Reflection Probe
  m_TagString: Untagged
  m_Icon: {fileID: 0}
  m_NavMeshLayer: 0
  m_StaticEditorFlags: 0
  m_IsActive: 1
--- !u!4 &4100921861287221738
Transform:
  m_ObjectHideFlags: 0
  m_CorrespondingSourceObject: {fileID: 0}
  m_PrefabInstance: {fileID: 0}
  m_PrefabAsset: {fileID: 0}
  m_GameObject: {fileID: 7359407108737530707}
  m_LocalRotation: {x: 0, y: 0, z: 0, w: 1}
  m_LocalPosition: {x: 50, y: 4.8, z: 50}
  m_LocalScale: {x: 1, y: 1, z: 1}
  m_Children: []
  m_Father: {fileID: 7335714867569113590}
  m_RootOrder: 0
  m_LocalEulerAnglesHint: {x: 0, y: 0, z: 0}
--- !u!215 &6993996714219915237
ReflectionProbe:
  m_ObjectHideFlags: 0
  m_CorrespondingSourceObject: {fileID: 0}
  m_PrefabInstance: {fileID: 0}
  m_PrefabAsset: {fileID: 0}
  m_GameObject: {fileID: 7359407108737530707}
  m_Enabled: 1
  serializedVersion: 2
  m_Type: 0
  m_Mode: 0
  m_RefreshMode: 0
  m_TimeSlicingMode: 0
  m_Resolution: 256
  m_UpdateFrequency: 0
  m_BoxSize: {x: 101, y: 101, z: 101}
  m_BoxOffset: {x: 0, y: 0, z: 0}
  m_NearClip: 0.3
  m_FarClip: 1000
  m_ShadowDistance: 100
  m_ClearFlags: 1
  m_BackGroundColor: {r: 0.19215687, g: 0.3019608, b: 0.4745098, a: 0}
  m_CullingMask:
    serializedVersion: 2
    m_Bits: 4294967295
  m_IntensityMultiplier: 1
  m_BlendDistance: 0
  m_HDR: 1
  m_BoxProjection: 0
  m_RenderDynamicObjects: 0
  m_UseOcclusionCulling: 1
  m_Importance: 1
  m_CustomBakedTexture: {fileID: 0}
--- !u!114 &1859311372137416180
MonoBehaviour:
  m_ObjectHideFlags: 0
  m_CorrespondingSourceObject: {fileID: 0}
  m_PrefabInstance: {fileID: 0}
  m_PrefabAsset: {fileID: 0}
  m_GameObject: {fileID: 7359407108737530707}
  m_Enabled: 1
  m_EditorHideFlags: 0
  m_Script: {fileID: 11500000, guid: d0ef8dc2c2eabfa4e8cb77be57a837c0, type: 3}
  m_Name: 
  m_EditorClassIdentifier: 
  m_ProxyVolume: {fileID: 0}
  m_InfiniteProjection: 1
  m_InfluenceVolume:
    m_Shape: 0
    m_Offset: {x: 0, y: 0, z: 0}
    m_BoxSize: {x: 101, y: 101, z: 101}
    m_BoxBlendDistancePositive: {x: 1, y: 1, z: 1}
    m_BoxBlendDistanceNegative: {x: 1, y: 1, z: 1}
    m_BoxBlendNormalDistancePositive: {x: 0, y: 0, z: 0}
    m_BoxBlendNormalDistanceNegative: {x: 0, y: 0, z: 0}
    m_BoxSideFadePositive: {x: 1, y: 1, z: 1}
    m_BoxSideFadeNegative: {x: 1, y: 1, z: 1}
    m_EditorAdvancedModeBlendDistancePositive: {x: 1, y: 1, z: 1}
    m_EditorAdvancedModeBlendDistanceNegative: {x: 1, y: 1, z: 1}
    m_EditorSimplifiedModeBlendDistance: 1
    m_EditorAdvancedModeBlendNormalDistancePositive: {x: 0, y: 0, z: 0}
    m_EditorAdvancedModeBlendNormalDistanceNegative: {x: 0, y: 0, z: 0}
    m_EditorSimplifiedModeBlendNormalDistance: 0
    m_EditorAdvancedModeEnabled: 0
    m_EditorAdvancedModeFaceFadePositive: {x: 1, y: 1, z: 1}
    m_EditorAdvancedModeFaceFadeNegative: {x: 1, y: 1, z: 1}
    m_SphereRadius: 3
    m_SphereBlendDistance: 1
    m_SphereBlendNormalDistance: 0
    m_Version: 1
    m_ObsoleteSphereBaseOffset: {x: 0, y: 0, z: 0}
  m_FrameSettings:
    overrides: 0
    enableShadow: 1
    enableContactShadows: 1
    enableShadowMask: 1
    enableSSR: 0
    enableSSAO: 1
    enableSubsurfaceScattering: 1
    enableTransmission: 1
    enableAtmosphericScattering: 1
    enableVolumetrics: 1
    enableReprojectionForVolumetrics: 1
    enableLightLayers: 1
    diffuseGlobalDimmer: 1
    specularGlobalDimmer: 1
    shaderLitMode: 1
    enableDepthPrepassWithDeferredRendering: 0
    enableTransparentPrepass: 1
    enableMotionVectors: 1
    enableObjectMotionVectors: 1
    enableDecals: 1
    enableRoughRefraction: 1
    enableTransparentPostpass: 1
    enableDistortion: 1
    enablePostprocess: 1
    enableOpaqueObjects: 1
    enableTransparentObjects: 1
    enableRealtimePlanarReflection: 1
    enableMSAA: 0
    enableAsyncCompute: 1
    runLightListAsync: 1
    runSSRAsync: 1
    runSSAOAsync: 1
    runContactShadowsAsync: 1
    runVolumeVoxelizationAsync: 1
    lightLoopSettings:
      overrides: 0
      enableTileAndCluster: 1
      enableComputeLightEvaluation: 1
      enableComputeLightVariants: 1
      enableComputeMaterialVariants: 1
      enableFptlForForwardOpaque: 1
      enableBigTilePrepass: 1
      isFptlEnabled: 1
  m_CaptureSettings:
    overrides: 0
    clearColorMode: 0
    backgroundColorHDR: {r: 0.023529412, g: 0.07058824, b: 0.1882353, a: 0}
    clearDepth: 1
    cullingMask:
      serializedVersion: 2
      m_Bits: 4294967295
    useOcclusionCulling: 1
    volumeLayerMask:
      serializedVersion: 2
      m_Bits: 4294967295
    volumeAnchorOverride: {fileID: 0}
    projection: 0
    nearClipPlane: 0.3
    farClipPlane: 1000
    fieldOfView: 90
    orthographicSize: 5
    renderingPath: 0
    shadowDistance: 100
  m_Multiplier: 1
  m_Weight: 1
  m_Mode: 0
  m_RefreshMode: 0
  m_CustomTexture: {fileID: 0}
  m_BakedTexture: {fileID: 0}
  m_RenderDynamicObjects: 0
  lightLayers: 1
  m_ReflectionProbeVersion: 6
  m_ObsoleteInfluenceShape: 0
  m_ObsoleteInfluenceSphereRadius: 3
  m_ObsoleteBlendDistancePositive: {x: 1, y: 1, z: 1}
  m_ObsoleteBlendDistanceNegative: {x: 1, y: 1, z: 1}
  m_ObsoleteBlendNormalDistancePositive: {x: 0, y: 0, z: 0}
  m_ObsoleteBlendNormalDistanceNegative: {x: 0, y: 0, z: 0}
  m_ObsoleteBoxSideFadePositive: {x: 1, y: 1, z: 1}
  m_ObsoleteBoxSideFadeNegative: {x: 1, y: 1, z: 1}
