%YAML 1.1
%TAG !u! tag:unity3d.com,2011:
--- !u!1 &6804447018231132059
GameObject:
  m_ObjectHideFlags: 0
  m_CorrespondingSourceObject: {fileID: 0}
  m_PrefabInstance: {fileID: 0}
  m_PrefabAsset: {fileID: 0}
  serializedVersion: 6
  m_Component:
  - component: {fileID: 2378933039880179789}
  m_Layer: 0
  m_Name: PREFAB_VAGAO_CABINE_PAREDE
  m_TagString: Untagged
  m_Icon: {fileID: 0}
  m_NavMeshLayer: 0
  m_StaticEditorFlags: 0
  m_IsActive: 1
--- !u!4 &2378933039880179789
Transform:
  m_ObjectHideFlags: 0
  m_CorrespondingSourceObject: {fileID: 0}
  m_PrefabInstance: {fileID: 0}
  m_PrefabAsset: {fileID: 0}
  m_GameObject: {fileID: 6804447018231132059}
  m_LocalRotation: {x: 0, y: 0, z: 0, w: 1}
  m_LocalPosition: {x: 46.184772, y: 3.0409358, z: 134.6386}
  m_LocalScale: {x: 1, y: 1, z: 1}
  m_Children:
  - {fileID: 7460446684693252367}
  - {fileID: 8666468779494267356}
  - {fileID: 5352187344901292790}
  - {fileID: 6752907753212520200}
  - {fileID: 2526672220935551826}
  - {fileID: 3357634982357871247}
  m_Father: {fileID: 0}
  m_RootOrder: 0
  m_LocalEulerAnglesHint: {x: 0, y: 0, z: 0}
--- !u!1 &7109604666694686963
GameObject:
  m_ObjectHideFlags: 0
  m_CorrespondingSourceObject: {fileID: 0}
  m_PrefabInstance: {fileID: 0}
  m_PrefabAsset: {fileID: 0}
  serializedVersion: 6
  m_Component:
  - component: {fileID: 3357634982357871247}
  - component: {fileID: 2979216923409057689}
  m_Layer: 16
  m_Name: Colliders
  m_TagString: Untagged
  m_Icon: {fileID: 0}
  m_NavMeshLayer: 0
  m_StaticEditorFlags: 0
  m_IsActive: 1
--- !u!4 &3357634982357871247
Transform:
  m_ObjectHideFlags: 0
  m_CorrespondingSourceObject: {fileID: 0}
  m_PrefabInstance: {fileID: 0}
  m_PrefabAsset: {fileID: 0}
  m_GameObject: {fileID: 7109604666694686963}
  m_LocalRotation: {x: -0, y: -0.7071057, z: -0, w: 0.7071079}
  m_LocalPosition: {x: 1.77, y: 1.62, z: -2.979599}
  m_LocalScale: {x: 1, y: 1, z: 1}
  m_Children: []
  m_Father: {fileID: 2378933039880179789}
  m_RootOrder: 5
  m_LocalEulerAnglesHint: {x: 0, y: -90.00001, z: 0}
--- !u!65 &2979216923409057689
BoxCollider:
  m_ObjectHideFlags: 0
  m_CorrespondingSourceObject: {fileID: 0}
  m_PrefabInstance: {fileID: 0}
  m_PrefabAsset: {fileID: 0}
  m_GameObject: {fileID: 7109604666694686963}
  m_Material: {fileID: 0}
  m_IsTrigger: 0
  m_Enabled: 1
  serializedVersion: 2
  m_Size: {x: 0.15, y: 5.18, z: 4.21}
  m_Center: {x: 0, y: 0, z: 0}
--- !u!1001 &1746484213963834035
PrefabInstance:
  m_ObjectHideFlags: 0
  serializedVersion: 2
  m_Modification:
    m_TransformParent: {fileID: 2378933039880179789}
    m_Modifications:
    - target: {fileID: 8939302140281009264, guid: bd2aff23ebcb3f54f96938d2e2b22a72,
        type: 3}
      propertyPath: m_Name
      value: PREFAB_Vagao_CabineWall (3)
      objectReference: {fileID: 0}
    - target: {fileID: 8939302140281009264, guid: bd2aff23ebcb3f54f96938d2e2b22a72,
        type: 3}
      propertyPath: m_StaticEditorFlags
      value: 4294967295
      objectReference: {fileID: 0}
    - target: {fileID: 4263863057673992673, guid: bd2aff23ebcb3f54f96938d2e2b22a72,
        type: 3}
      propertyPath: m_LocalRotation.x
      value: -0
      objectReference: {fileID: 0}
    - target: {fileID: 4263863057673992673, guid: bd2aff23ebcb3f54f96938d2e2b22a72,
        type: 3}
      propertyPath: m_LocalRotation.y
      value: -0.7071057
      objectReference: {fileID: 0}
    - target: {fileID: 4263863057673992673, guid: bd2aff23ebcb3f54f96938d2e2b22a72,
        type: 3}
      propertyPath: m_LocalRotation.z
      value: -0
      objectReference: {fileID: 0}
    - target: {fileID: 4263863057673992673, guid: bd2aff23ebcb3f54f96938d2e2b22a72,
        type: 3}
      propertyPath: m_LocalRotation.w
      value: 0.7071079
      objectReference: {fileID: 0}
    - target: {fileID: 4263863057673992673, guid: bd2aff23ebcb3f54f96938d2e2b22a72,
        type: 3}
      propertyPath: m_LocalPosition.x
      value: 2.817
      objectReference: {fileID: 0}
    - target: {fileID: 4263863057673992673, guid: bd2aff23ebcb3f54f96938d2e2b22a72,
        type: 3}
      propertyPath: m_LocalPosition.y
      value: -0.90493584
      objectReference: {fileID: 0}
    - target: {fileID: 4263863057673992673, guid: bd2aff23ebcb3f54f96938d2e2b22a72,
        type: 3}
      propertyPath: m_LocalPosition.z
      value: -2.979599
      objectReference: {fileID: 0}
    - target: {fileID: 4263863057673992673, guid: bd2aff23ebcb3f54f96938d2e2b22a72,
        type: 3}
      propertyPath: m_RootOrder
      value: 4
      objectReference: {fileID: 0}
    - target: {fileID: 4263863057673992673, guid: bd2aff23ebcb3f54f96938d2e2b22a72,
        type: 3}
      propertyPath: m_LocalEulerAnglesHint.y
      value: -90.00001
      objectReference: {fileID: 0}
    - target: {fileID: 8952867150651211776, guid: bd2aff23ebcb3f54f96938d2e2b22a72,
        type: 3}
      propertyPath: m_StaticEditorFlags
      value: 4294967295
      objectReference: {fileID: 0}
    - target: {fileID: 9210498494925128211, guid: bd2aff23ebcb3f54f96938d2e2b22a72,
        type: 3}
      propertyPath: m_StaticEditorFlags
      value: 4294967295
      objectReference: {fileID: 0}
    - target: {fileID: 9210498494927396051, guid: bd2aff23ebcb3f54f96938d2e2b22a72,
        type: 3}
      propertyPath: m_Materials.Array.data[2]
      value: 
      objectReference: {fileID: 2100000, guid: 98cc7a2afc2f74440baf9aba36c1175b, type: 2}
    - target: {fileID: 9210498494927396051, guid: bd2aff23ebcb3f54f96938d2e2b22a72,
        type: 3}
      propertyPath: m_Materials.Array.data[0]
      value: 
      objectReference: {fileID: 2100000, guid: 3fd3a7441b0507840bb1a6d475fbb1b2, type: 2}
    - target: {fileID: 9210498494927396051, guid: bd2aff23ebcb3f54f96938d2e2b22a72,
        type: 3}
      propertyPath: m_Materials.Array.data[1]
      value: 
      objectReference: {fileID: 2100000, guid: 7e14bf19aabf1c544b3135c62128deb5, type: 2}
    m_RemovedComponents: []
  m_SourcePrefab: {fileID: 100100000, guid: bd2aff23ebcb3f54f96938d2e2b22a72, type: 3}
--- !u!4 &2526672220935551826 stripped
Transform:
  m_CorrespondingSourceObject: {fileID: 4263863057673992673, guid: bd2aff23ebcb3f54f96938d2e2b22a72,
    type: 3}
  m_PrefabInstance: {fileID: 1746484213963834035}
  m_PrefabAsset: {fileID: 0}
--- !u!1001 &4857470487079772221
PrefabInstance:
  m_ObjectHideFlags: 0
  serializedVersion: 2
  m_Modification:
    m_TransformParent: {fileID: 2378933039880179789}
    m_Modifications:
    - target: {fileID: 8939302140281009264, guid: bd2aff23ebcb3f54f96938d2e2b22a72,
        type: 3}
      propertyPath: m_Name
      value: PREFAB_Vagao_CabineWall (1)
      objectReference: {fileID: 0}
    - target: {fileID: 8939302140281009264, guid: bd2aff23ebcb3f54f96938d2e2b22a72,
        type: 3}
      propertyPath: m_StaticEditorFlags
      value: 4294967295
      objectReference: {fileID: 0}
    - target: {fileID: 4263863057673992673, guid: bd2aff23ebcb3f54f96938d2e2b22a72,
        type: 3}
      propertyPath: m_LocalRotation.x
      value: -0
      objectReference: {fileID: 0}
    - target: {fileID: 4263863057673992673, guid: bd2aff23ebcb3f54f96938d2e2b22a72,
        type: 3}
      propertyPath: m_LocalRotation.y
      value: -0.7071057
      objectReference: {fileID: 0}
    - target: {fileID: 4263863057673992673, guid: bd2aff23ebcb3f54f96938d2e2b22a72,
        type: 3}
      propertyPath: m_LocalRotation.z
      value: -0
      objectReference: {fileID: 0}
    - target: {fileID: 4263863057673992673, guid: bd2aff23ebcb3f54f96938d2e2b22a72,
        type: 3}
      propertyPath: m_LocalRotation.w
      value: 0.7071079
      objectReference: {fileID: 0}
    - target: {fileID: 4263863057673992673, guid: bd2aff23ebcb3f54f96938d2e2b22a72,
        type: 3}
      propertyPath: m_LocalPosition.x
      value: 0.828228
      objectReference: {fileID: 0}
    - target: {fileID: 4263863057673992673, guid: bd2aff23ebcb3f54f96938d2e2b22a72,
        type: 3}
      propertyPath: m_LocalPosition.y
      value: -0.90493584
      objectReference: {fileID: 0}
    - target: {fileID: 4263863057673992673, guid: bd2aff23ebcb3f54f96938d2e2b22a72,
        type: 3}
      propertyPath: m_LocalPosition.z
      value: -2.979599
      objectReference: {fileID: 0}
    - target: {fileID: 4263863057673992673, guid: bd2aff23ebcb3f54f96938d2e2b22a72,
        type: 3}
      propertyPath: m_RootOrder
      value: 1
      objectReference: {fileID: 0}
    - target: {fileID: 4263863057673992673, guid: bd2aff23ebcb3f54f96938d2e2b22a72,
        type: 3}
      propertyPath: m_LocalEulerAnglesHint.y
      value: -90.00001
      objectReference: {fileID: 0}
    - target: {fileID: 8952867150651211776, guid: bd2aff23ebcb3f54f96938d2e2b22a72,
        type: 3}
      propertyPath: m_StaticEditorFlags
      value: 4294967295
      objectReference: {fileID: 0}
    - target: {fileID: 9210498494925128211, guid: bd2aff23ebcb3f54f96938d2e2b22a72,
        type: 3}
      propertyPath: m_StaticEditorFlags
      value: 4294967295
      objectReference: {fileID: 0}
    - target: {fileID: 9210498494927396051, guid: bd2aff23ebcb3f54f96938d2e2b22a72,
        type: 3}
      propertyPath: m_Materials.Array.data[2]
      value: 
      objectReference: {fileID: 2100000, guid: 98cc7a2afc2f74440baf9aba36c1175b, type: 2}
    - target: {fileID: 9210498494927396051, guid: bd2aff23ebcb3f54f96938d2e2b22a72,
        type: 3}
      propertyPath: m_Materials.Array.data[0]
      value: 
      objectReference: {fileID: 2100000, guid: 3fd3a7441b0507840bb1a6d475fbb1b2, type: 2}
    - target: {fileID: 9210498494927396051, guid: bd2aff23ebcb3f54f96938d2e2b22a72,
        type: 3}
      propertyPath: m_Materials.Array.data[1]
      value: 
      objectReference: {fileID: 2100000, guid: 7e14bf19aabf1c544b3135c62128deb5, type: 2}
    m_RemovedComponents: []
  m_SourcePrefab: {fileID: 100100000, guid: bd2aff23ebcb3f54f96938d2e2b22a72, type: 3}
--- !u!4 &8666468779494267356 stripped
Transform:
  m_CorrespondingSourceObject: {fileID: 4263863057673992673, guid: bd2aff23ebcb3f54f96938d2e2b22a72,
    type: 3}
  m_PrefabInstance: {fileID: 4857470487079772221}
  m_PrefabAsset: {fileID: 0}
--- !u!1001 &6467686520336093458
PrefabInstance:
  m_ObjectHideFlags: 0
  serializedVersion: 2
  m_Modification:
    m_TransformParent: {fileID: 2378933039880179789}
    m_Modifications:
    - target: {fileID: 8491582155973084084, guid: 6160e19966c849c4fa6f21a6970d4181,
        type: 3}
      propertyPath: m_StaticEditorFlags
      value: 4294967295
      objectReference: {fileID: 0}
    - target: {fileID: 321711938864264730, guid: 6160e19966c849c4fa6f21a6970d4181,
        type: 3}
      propertyPath: m_LocalRotation.x
      value: -0
      objectReference: {fileID: 0}
    - target: {fileID: 321711938864264730, guid: 6160e19966c849c4fa6f21a6970d4181,
        type: 3}
      propertyPath: m_LocalRotation.y
      value: -0
      objectReference: {fileID: 0}
    - target: {fileID: 321711938864264730, guid: 6160e19966c849c4fa6f21a6970d4181,
        type: 3}
      propertyPath: m_LocalRotation.z
      value: -0
      objectReference: {fileID: 0}
    - target: {fileID: 321711938864264730, guid: 6160e19966c849c4fa6f21a6970d4181,
        type: 3}
      propertyPath: m_LocalPosition.x
      value: 3.81
      objectReference: {fileID: 0}
    - target: {fileID: 321711938864264730, guid: 6160e19966c849c4fa6f21a6970d4181,
        type: 3}
      propertyPath: m_LocalPosition.y
      value: -0.90493584
      objectReference: {fileID: 0}
    - target: {fileID: 321711938864264730, guid: 6160e19966c849c4fa6f21a6970d4181,
        type: 3}
      propertyPath: m_LocalPosition.z
      value: -2.9776
      objectReference: {fileID: 0}
    - target: {fileID: 321711938864264730, guid: 6160e19966c849c4fa6f21a6970d4181,
        type: 3}
      propertyPath: m_RootOrder
      value: 3
      objectReference: {fileID: 0}
    - target: {fileID: 3970202170376074279, guid: 6160e19966c849c4fa6f21a6970d4181,
        type: 3}
      propertyPath: m_StaticEditorFlags
      value: 4294967295
      objectReference: {fileID: 0}
    - target: {fileID: 1517402250782113589, guid: 6160e19966c849c4fa6f21a6970d4181,
        type: 3}
      propertyPath: m_StaticEditorFlags
      value: 4294967295
      objectReference: {fileID: 0}
    m_RemovedComponents: []
  m_SourcePrefab: {fileID: 100100000, guid: 6160e19966c849c4fa6f21a6970d4181, type: 3}
--- !u!4 &6752907753212520200 stripped
Transform:
  m_CorrespondingSourceObject: {fileID: 321711938864264730, guid: 6160e19966c849c4fa6f21a6970d4181,
    type: 3}
  m_PrefabInstance: {fileID: 6467686520336093458}
  m_PrefabAsset: {fileID: 0}
--- !u!1001 &6675632516573982958
PrefabInstance:
  m_ObjectHideFlags: 0
  serializedVersion: 2
  m_Modification:
    m_TransformParent: {fileID: 2378933039880179789}
    m_Modifications:
    - target: {fileID: 8939302140281009264, guid: bd2aff23ebcb3f54f96938d2e2b22a72,
        type: 3}
      propertyPath: m_Name
      value: PREFAB_Vagao_CabineWall (2)
      objectReference: {fileID: 0}
    - target: {fileID: 8939302140281009264, guid: bd2aff23ebcb3f54f96938d2e2b22a72,
        type: 3}
      propertyPath: m_StaticEditorFlags
      value: 4294967295
      objectReference: {fileID: 0}
    - target: {fileID: 4263863057673992673, guid: bd2aff23ebcb3f54f96938d2e2b22a72,
        type: 3}
      propertyPath: m_LocalRotation.x
      value: -0
      objectReference: {fileID: 0}
    - target: {fileID: 4263863057673992673, guid: bd2aff23ebcb3f54f96938d2e2b22a72,
        type: 3}
      propertyPath: m_LocalRotation.y
      value: -0.7071057
      objectReference: {fileID: 0}
    - target: {fileID: 4263863057673992673, guid: bd2aff23ebcb3f54f96938d2e2b22a72,
        type: 3}
      propertyPath: m_LocalRotation.z
      value: -0
      objectReference: {fileID: 0}
    - target: {fileID: 4263863057673992673, guid: bd2aff23ebcb3f54f96938d2e2b22a72,
        type: 3}
      propertyPath: m_LocalRotation.w
      value: 0.7071079
      objectReference: {fileID: 0}
    - target: {fileID: 4263863057673992673, guid: bd2aff23ebcb3f54f96938d2e2b22a72,
        type: 3}
      propertyPath: m_LocalPosition.x
      value: 1.8182259
      objectReference: {fileID: 0}
    - target: {fileID: 4263863057673992673, guid: bd2aff23ebcb3f54f96938d2e2b22a72,
        type: 3}
      propertyPath: m_LocalPosition.y
      value: -0.90493584
      objectReference: {fileID: 0}
    - target: {fileID: 4263863057673992673, guid: bd2aff23ebcb3f54f96938d2e2b22a72,
        type: 3}
      propertyPath: m_LocalPosition.z
      value: -2.979599
      objectReference: {fileID: 0}
    - target: {fileID: 4263863057673992673, guid: bd2aff23ebcb3f54f96938d2e2b22a72,
        type: 3}
      propertyPath: m_RootOrder
      value: 0
      objectReference: {fileID: 0}
    - target: {fileID: 4263863057673992673, guid: bd2aff23ebcb3f54f96938d2e2b22a72,
        type: 3}
      propertyPath: m_LocalEulerAnglesHint.y
      value: -90.00001
      objectReference: {fileID: 0}
    - target: {fileID: 8952867150651211776, guid: bd2aff23ebcb3f54f96938d2e2b22a72,
        type: 3}
      propertyPath: m_StaticEditorFlags
      value: 4294967295
      objectReference: {fileID: 0}
    - target: {fileID: 9210498494925128211, guid: bd2aff23ebcb3f54f96938d2e2b22a72,
        type: 3}
      propertyPath: m_StaticEditorFlags
      value: 4294967295
      objectReference: {fileID: 0}
    - target: {fileID: 9210498494927396051, guid: bd2aff23ebcb3f54f96938d2e2b22a72,
        type: 3}
      propertyPath: m_Materials.Array.data[2]
      value: 
      objectReference: {fileID: 2100000, guid: 98cc7a2afc2f74440baf9aba36c1175b, type: 2}
    - target: {fileID: 9210498494927396051, guid: bd2aff23ebcb3f54f96938d2e2b22a72,
        type: 3}
      propertyPath: m_Materials.Array.data[0]
      value: 
      objectReference: {fileID: 2100000, guid: 3fd3a7441b0507840bb1a6d475fbb1b2, type: 2}
    - target: {fileID: 9210498494927396051, guid: bd2aff23ebcb3f54f96938d2e2b22a72,
        type: 3}
      propertyPath: m_Materials.Array.data[1]
      value: 
      objectReference: {fileID: 2100000, guid: 7e14bf19aabf1c544b3135c62128deb5, type: 2}
    m_RemovedComponents: []
  m_SourcePrefab: {fileID: 100100000, guid: bd2aff23ebcb3f54f96938d2e2b22a72, type: 3}
--- !u!4 &7460446684693252367 stripped
Transform:
  m_CorrespondingSourceObject: {fileID: 4263863057673992673, guid: bd2aff23ebcb3f54f96938d2e2b22a72,
    type: 3}
  m_PrefabInstance: {fileID: 6675632516573982958}
  m_PrefabAsset: {fileID: 0}
--- !u!1001 &8172488322266921751
PrefabInstance:
  m_ObjectHideFlags: 0
  serializedVersion: 2
  m_Modification:
    m_TransformParent: {fileID: 2378933039880179789}
    m_Modifications:
    - target: {fileID: 8939302140281009264, guid: bd2aff23ebcb3f54f96938d2e2b22a72,
        type: 3}
      propertyPath: m_StaticEditorFlags
      value: 4294967295
      objectReference: {fileID: 0}
    - target: {fileID: 4263863057673992673, guid: bd2aff23ebcb3f54f96938d2e2b22a72,
        type: 3}
      propertyPath: m_LocalRotation.x
      value: -0
      objectReference: {fileID: 0}
    - target: {fileID: 4263863057673992673, guid: bd2aff23ebcb3f54f96938d2e2b22a72,
        type: 3}
      propertyPath: m_LocalRotation.y
      value: -0.7071057
      objectReference: {fileID: 0}
    - target: {fileID: 4263863057673992673, guid: bd2aff23ebcb3f54f96938d2e2b22a72,
        type: 3}
      propertyPath: m_LocalRotation.z
      value: -0
      objectReference: {fileID: 0}
    - target: {fileID: 4263863057673992673, guid: bd2aff23ebcb3f54f96938d2e2b22a72,
        type: 3}
      propertyPath: m_LocalRotation.w
      value: 0.7071079
      objectReference: {fileID: 0}
    - target: {fileID: 4263863057673992673, guid: bd2aff23ebcb3f54f96938d2e2b22a72,
        type: 3}
      propertyPath: m_LocalPosition.x
      value: -0.171772
      objectReference: {fileID: 0}
    - target: {fileID: 4263863057673992673, guid: bd2aff23ebcb3f54f96938d2e2b22a72,
        type: 3}
      propertyPath: m_LocalPosition.y
      value: -0.90493584
      objectReference: {fileID: 0}
    - target: {fileID: 4263863057673992673, guid: bd2aff23ebcb3f54f96938d2e2b22a72,
        type: 3}
      propertyPath: m_LocalPosition.z
      value: -2.979599
      objectReference: {fileID: 0}
    - target: {fileID: 4263863057673992673, guid: bd2aff23ebcb3f54f96938d2e2b22a72,
        type: 3}
      propertyPath: m_RootOrder
      value: 2
      objectReference: {fileID: 0}
    - target: {fileID: 4263863057673992673, guid: bd2aff23ebcb3f54f96938d2e2b22a72,
        type: 3}
      propertyPath: m_LocalEulerAnglesHint.y
      value: -90.00001
      objectReference: {fileID: 0}
    - target: {fileID: 8952867150651211776, guid: bd2aff23ebcb3f54f96938d2e2b22a72,
        type: 3}
      propertyPath: m_StaticEditorFlags
      value: 4294967295
      objectReference: {fileID: 0}
    - target: {fileID: 9210498494925128211, guid: bd2aff23ebcb3f54f96938d2e2b22a72,
        type: 3}
      propertyPath: m_StaticEditorFlags
      value: 4294967295
      objectReference: {fileID: 0}
    - target: {fileID: 9210498494927396051, guid: bd2aff23ebcb3f54f96938d2e2b22a72,
        type: 3}
      propertyPath: m_Materials.Array.data[2]
      value: 
      objectReference: {fileID: 2100000, guid: 98cc7a2afc2f74440baf9aba36c1175b, type: 2}
    - target: {fileID: 9210498494927396051, guid: bd2aff23ebcb3f54f96938d2e2b22a72,
        type: 3}
      propertyPath: m_Materials.Array.data[0]
      value: 
      objectReference: {fileID: 2100000, guid: 3fd3a7441b0507840bb1a6d475fbb1b2, type: 2}
    - target: {fileID: 9210498494927396051, guid: bd2aff23ebcb3f54f96938d2e2b22a72,
        type: 3}
      propertyPath: m_Materials.Array.data[1]
      value: 
      objectReference: {fileID: 2100000, guid: 7e14bf19aabf1c544b3135c62128deb5, type: 2}
    m_RemovedComponents: []
  m_SourcePrefab: {fileID: 100100000, guid: bd2aff23ebcb3f54f96938d2e2b22a72, type: 3}
--- !u!4 &5352187344901292790 stripped
Transform:
  m_CorrespondingSourceObject: {fileID: 4263863057673992673, guid: bd2aff23ebcb3f54f96938d2e2b22a72,
    type: 3}
  m_PrefabInstance: {fileID: 8172488322266921751}
  m_PrefabAsset: {fileID: 0}
