%YAML 1.1
%TAG !u! tag:unity3d.com,2011:
--- !u!29 &1
OcclusionCullingSettings:
  m_ObjectHideFlags: 0
  serializedVersion: 2
  m_OcclusionBakeSettings:
    smallestOccluder: 5
    smallestHole: 0.25
    backfaceThreshold: 100
  m_SceneGUID: 00000000000000000000000000000000
  m_OcclusionCullingData: {fileID: 0}
--- !u!104 &2
RenderSettings:
  m_ObjectHideFlags: 0
  serializedVersion: 9
  m_Fog: 0
  m_FogColor: {r: 0.5, g: 0.5, b: 0.5, a: 1}
  m_FogMode: 3
  m_FogDensity: 0.01
  m_LinearFogStart: 0
  m_LinearFogEnd: 300
  m_AmbientSkyColor: {r: 0.212, g: 0.227, b: 0.259, a: 1}
  m_AmbientEquatorColor: {r: 0.114, g: 0.125, b: 0.133, a: 1}
  m_AmbientGroundColor: {r: 0.047, g: 0.043, b: 0.035, a: 1}
  m_AmbientIntensity: 1
  m_AmbientMode: 0
  m_SubtractiveShadowColor: {r: 0.42, g: 0.478, b: 0.627, a: 1}
  m_SkyboxMaterial: {fileID: 0}
  m_HaloStrength: 0.5
  m_FlareStrength: 1
  m_FlareFadeSpeed: 3
  m_HaloTexture: {fileID: 0}
  m_SpotCookie: {fileID: 10001, guid: 0000000000000000e000000000000000, type: 0}
  m_DefaultReflectionMode: 0
  m_DefaultReflectionResolution: 128
  m_ReflectionBounces: 1
  m_ReflectionIntensity: 1
  m_CustomReflection: {fileID: 0}
  m_Sun: {fileID: 0}
  m_IndirectSpecularColor: {r: 0.328007, g: 0.47403973, b: 0.7610656, a: 1}
  m_UseRadianceAmbientProbe: 0
--- !u!157 &3
LightmapSettings:
  m_ObjectHideFlags: 0
  serializedVersion: 11
  m_GIWorkflowMode: 1
  m_GISettings:
    serializedVersion: 2
    m_BounceScale: 1
    m_IndirectOutputScale: 1
    m_AlbedoBoost: 1
    m_EnvironmentLightingMode: 0
    m_EnableBakedLightmaps: 1
    m_EnableRealtimeLightmaps: 1
  m_LightmapEditorSettings:
    serializedVersion: 10
    m_Resolution: 2
    m_BakeResolution: 40
    m_AtlasSize: 1024
    m_AO: 0
    m_AOMaxDistance: 1
    m_CompAOExponent: 1
    m_CompAOExponentDirect: 0
    m_Padding: 2
    m_LightmapParameters: {fileID: 0}
    m_LightmapsBakeMode: 1
    m_TextureCompression: 1
    m_FinalGather: 0
    m_FinalGatherFiltering: 1
    m_FinalGatherRayCount: 256
    m_ReflectionCompression: 2
    m_MixedBakeMode: 2
    m_BakeBackend: 1
    m_PVRSampling: 1
    m_PVRDirectSampleCount: 32
    m_PVRSampleCount: 500
    m_PVRBounces: 2
    m_PVRFilterTypeDirect: 0
    m_PVRFilterTypeIndirect: 0
    m_PVRFilterTypeAO: 0
    m_PVRFilteringMode: 1
    m_PVRCulling: 1
    m_PVRFilteringGaussRadiusDirect: 1
    m_PVRFilteringGaussRadiusIndirect: 5
    m_PVRFilteringGaussRadiusAO: 2
    m_PVRFilteringAtrousPositionSigmaDirect: 0.5
    m_PVRFilteringAtrousPositionSigmaIndirect: 2
    m_PVRFilteringAtrousPositionSigmaAO: 1
    m_ShowResolutionOverlay: 1
  m_LightingDataAsset: {fileID: 112000000, guid: 05847025f55ae2d4e9d6a81bc2994528,
    type: 2}
  m_UseShadowmask: 1
--- !u!196 &4
NavMeshSettings:
  serializedVersion: 2
  m_ObjectHideFlags: 0
  m_BuildSettings:
    serializedVersion: 2
    agentTypeID: 0
    agentRadius: 0.5
    agentHeight: 2
    agentSlope: 45
    agentClimb: 0.4
    ledgeDropHeight: 0
    maxJumpAcrossDistance: 0
    minRegionArea: 2
    manualCellSize: 0
    cellSize: 0.16666667
    manualTileSize: 0
    tileSize: 256
    accuratePlacement: 0
    debug:
      m_Flags: 0
  m_NavMeshData: {fileID: 0}
--- !u!1001 &38263506
PrefabInstance:
  m_ObjectHideFlags: 0
  serializedVersion: 2
  m_Modification:
    m_TransformParent: {fileID: 0}
    m_Modifications:
    - target: {fileID: 1751814518266724473, guid: 0cdb029707ed4644eb21c58bd3050813,
        type: 3}
      propertyPath: m_Name
      value: '[MAIN_CAMERA] (1)'
      objectReference: {fileID: 0}
    - target: {fileID: 1751814518266726274, guid: 0cdb029707ed4644eb21c58bd3050813,
        type: 3}
      propertyPath: m_LocalPosition.x
      value: -0.9632684
      objectReference: {fileID: 0}
    - target: {fileID: 1751814518266726274, guid: 0cdb029707ed4644eb21c58bd3050813,
        type: 3}
      propertyPath: m_LocalPosition.y
      value: 4.331954
      objectReference: {fileID: 0}
    - target: {fileID: 1751814518266726274, guid: 0cdb029707ed4644eb21c58bd3050813,
        type: 3}
      propertyPath: m_LocalPosition.z
      value: 0.1098803
      objectReference: {fileID: 0}
    - target: {fileID: 1751814518266726274, guid: 0cdb029707ed4644eb21c58bd3050813,
        type: 3}
      propertyPath: m_LocalRotation.x
      value: -0.096215546
      objectReference: {fileID: 0}
    - target: {fileID: 1751814518266726274, guid: 0cdb029707ed4644eb21c58bd3050813,
        type: 3}
      propertyPath: m_LocalRotation.y
      value: -0.8839956
      objectReference: {fileID: 0}
    - target: {fileID: 1751814518266726274, guid: 0cdb029707ed4644eb21c58bd3050813,
        type: 3}
      propertyPath: m_LocalRotation.z
      value: 0.40693834
      objectReference: {fileID: 0}
    - target: {fileID: 1751814518266726274, guid: 0cdb029707ed4644eb21c58bd3050813,
        type: 3}
      propertyPath: m_LocalRotation.w
      value: -0.20903501
      objectReference: {fileID: 0}
    - target: {fileID: 1751814518266726274, guid: 0cdb029707ed4644eb21c58bd3050813,
        type: 3}
      propertyPath: m_RootOrder
      value: 4
      objectReference: {fileID: 0}
    - target: {fileID: 1751814518266726274, guid: 0cdb029707ed4644eb21c58bd3050813,
        type: 3}
      propertyPath: m_LocalEulerAnglesHint.x
      value: 0
      objectReference: {fileID: 0}
    - target: {fileID: 1751814518266726274, guid: 0cdb029707ed4644eb21c58bd3050813,
        type: 3}
      propertyPath: m_LocalEulerAnglesHint.y
      value: 0
      objectReference: {fileID: 0}
    - target: {fileID: 1751814518266726274, guid: 0cdb029707ed4644eb21c58bd3050813,
        type: 3}
      propertyPath: m_LocalEulerAnglesHint.z
      value: 0
      objectReference: {fileID: 0}
    - target: {fileID: 1751814518266726277, guid: 0cdb029707ed4644eb21c58bd3050813,
        type: 3}
      propertyPath: near clip plane
      value: 0.1
      objectReference: {fileID: 0}
    - target: {fileID: 1751814518266726277, guid: 0cdb029707ed4644eb21c58bd3050813,
        type: 3}
      propertyPath: field of view
      value: 40
      objectReference: {fileID: 0}
    m_RemovedComponents: []
  m_SourcePrefab: {fileID: 100100000, guid: 0cdb029707ed4644eb21c58bd3050813, type: 3}
--- !u!1 &159797118
GameObject:
  m_ObjectHideFlags: 0
  m_CorrespondingSourceObject: {fileID: 0}
  m_PrefabInstance: {fileID: 0}
  m_PrefabAsset: {fileID: 0}
  serializedVersion: 6
  m_Component:
  - component: {fileID: 159797121}
  - component: {fileID: 159797120}
  - component: {fileID: 159797119}
  m_Layer: 0
  m_Name: Reflection Probe (1)
  m_TagString: Untagged
  m_Icon: {fileID: 0}
  m_NavMeshLayer: 0
  m_StaticEditorFlags: 0
  m_IsActive: 1
--- !u!114 &159797119
MonoBehaviour:
  m_ObjectHideFlags: 0
  m_CorrespondingSourceObject: {fileID: 0}
  m_PrefabInstance: {fileID: 0}
  m_PrefabAsset: {fileID: 0}
  m_GameObject: {fileID: 159797118}
  m_Enabled: 1
  m_EditorHideFlags: 0
  m_Script: {fileID: 11500000, guid: d0ef8dc2c2eabfa4e8cb77be57a837c0, type: 3}
  m_Name: 
  m_EditorClassIdentifier: 
  m_ProxyVolume: {fileID: 0}
  m_InfiniteProjection: 1
  m_InfluenceVolume:
    m_Shape: 0
    m_Offset: {x: 0, y: 0, z: 0}
    m_BoxSize: {x: 20, y: 20, z: 20}
    m_BoxBlendDistancePositive: {x: 1, y: 1, z: 1}
    m_BoxBlendDistanceNegative: {x: 1, y: 1, z: 1}
    m_BoxBlendNormalDistancePositive: {x: 0, y: 0, z: 0}
    m_BoxBlendNormalDistanceNegative: {x: 0, y: 0, z: 0}
    m_BoxSideFadePositive: {x: 1, y: 1, z: 1}
    m_BoxSideFadeNegative: {x: 1, y: 1, z: 1}
    m_EditorAdvancedModeBlendDistancePositive: {x: 1, y: 1, z: 1}
    m_EditorAdvancedModeBlendDistanceNegative: {x: 1, y: 1, z: 1}
    m_EditorSimplifiedModeBlendDistance: 1
    m_EditorAdvancedModeBlendNormalDistancePositive: {x: 0, y: 0, z: 0}
    m_EditorAdvancedModeBlendNormalDistanceNegative: {x: 0, y: 0, z: 0}
    m_EditorSimplifiedModeBlendNormalDistance: 0
    m_EditorAdvancedModeEnabled: 0
    m_EditorAdvancedModeFaceFadePositive: {x: 1, y: 1, z: 1}
    m_EditorAdvancedModeFaceFadeNegative: {x: 1, y: 1, z: 1}
    m_SphereRadius: 3
    m_SphereBlendDistance: 1
    m_SphereBlendNormalDistance: 0
    m_Version: 1
    m_ObsoleteSphereBaseOffset: {x: 0, y: 0, z: 0}
  m_FrameSettings:
    overrides: 0
    enableShadow: 1
    enableContactShadows: 1
    enableShadowMask: 1
    enableSSR: 0
    enableSSAO: 1
    enableSubsurfaceScattering: 1
    enableTransmission: 1
    enableAtmosphericScattering: 1
    enableVolumetrics: 1
    enableReprojectionForVolumetrics: 1
    enableLightLayers: 1
    diffuseGlobalDimmer: 1
    specularGlobalDimmer: 1
    shaderLitMode: 1
    enableDepthPrepassWithDeferredRendering: 0
    enableTransparentPrepass: 1
    enableMotionVectors: 1
    enableObjectMotionVectors: 1
    enableDecals: 1
    enableRoughRefraction: 1
    enableTransparentPostpass: 1
    enableDistortion: 1
    enablePostprocess: 1
    enableOpaqueObjects: 1
    enableTransparentObjects: 1
    enableRealtimePlanarReflection: 1
    enableMSAA: 0
    enableAsyncCompute: 1
    runLightListAsync: 1
    runSSRAsync: 1
    runSSAOAsync: 1
    runContactShadowsAsync: 1
    runVolumeVoxelizationAsync: 1
    lightLoopSettings:
      overrides: 0
      enableTileAndCluster: 1
      enableComputeLightEvaluation: 1
      enableComputeLightVariants: 1
      enableComputeMaterialVariants: 1
      enableFptlForForwardOpaque: 1
      enableBigTilePrepass: 1
      isFptlEnabled: 1
  m_CaptureSettings:
    overrides: 0
    clearColorMode: 0
    backgroundColorHDR: {r: 0.023529412, g: 0.07058824, b: 0.1882353, a: 0}
    clearDepth: 1
    cullingMask:
      serializedVersion: 2
      m_Bits: 4294967295
    useOcclusionCulling: 1
    volumeLayerMask:
      serializedVersion: 2
      m_Bits: 4294967295
    volumeAnchorOverride: {fileID: 0}
    projection: 0
    nearClipPlane: 0.3
    farClipPlane: 1000
    fieldOfView: 90
    orthographicSize: 5
    renderingPath: 0
    shadowDistance: 100
  m_Multiplier: 5
  m_Weight: 1
  m_Mode: 0
  m_RefreshMode: 0
  m_CustomTexture: {fileID: 0}
  m_BakedTexture: {fileID: 0}
  m_RenderDynamicObjects: 0
  lightLayers: 1
  m_ReflectionProbeVersion: 6
  m_ObsoleteInfluenceShape: 0
  m_ObsoleteInfluenceSphereRadius: 3
  m_ObsoleteBlendDistancePositive: {x: 1, y: 1, z: 1}
  m_ObsoleteBlendDistanceNegative: {x: 1, y: 1, z: 1}
  m_ObsoleteBlendNormalDistancePositive: {x: 0, y: 0, z: 0}
  m_ObsoleteBlendNormalDistanceNegative: {x: 0, y: 0, z: 0}
  m_ObsoleteBoxSideFadePositive: {x: 1, y: 1, z: 1}
  m_ObsoleteBoxSideFadeNegative: {x: 1, y: 1, z: 1}
--- !u!215 &159797120
ReflectionProbe:
  m_ObjectHideFlags: 0
  m_CorrespondingSourceObject: {fileID: 0}
  m_PrefabInstance: {fileID: 0}
  m_PrefabAsset: {fileID: 0}
  m_GameObject: {fileID: 159797118}
  m_Enabled: 1
  serializedVersion: 2
  m_Type: 0
  m_Mode: 0
  m_RefreshMode: 0
  m_TimeSlicingMode: 0
  m_Resolution: 256
  m_UpdateFrequency: 0
  m_BoxSize: {x: 20, y: 20, z: 20}
  m_BoxOffset: {x: 0, y: 0, z: 0}
  m_NearClip: 0.3
  m_FarClip: 1000
  m_ShadowDistance: 100
  m_ClearFlags: 1
  m_BackGroundColor: {r: 0.19215687, g: 0.3019608, b: 0.4745098, a: 0}
  m_CullingMask:
    serializedVersion: 2
    m_Bits: 4294967295
  m_IntensityMultiplier: 1
  m_BlendDistance: 0
  m_HDR: 1
  m_BoxProjection: 0
  m_RenderDynamicObjects: 0
  m_UseOcclusionCulling: 1
  m_Importance: 1
  m_CustomBakedTexture: {fileID: 0}
--- !u!4 &159797121
Transform:
  m_ObjectHideFlags: 0
  m_CorrespondingSourceObject: {fileID: 0}
  m_PrefabInstance: {fileID: 0}
  m_PrefabAsset: {fileID: 0}
  m_GameObject: {fileID: 159797118}
  m_LocalRotation: {x: 0, y: 0, z: 0, w: 1}
  m_LocalPosition: {x: -1.0593024, y: 5.399, z: -0.0093083}
  m_LocalScale: {x: 1, y: 1, z: 1}
  m_Children: []
  m_Father: {fileID: 0}
  m_RootOrder: 0
  m_LocalEulerAnglesHint: {x: 0, y: 0, z: 0}
--- !u!1 &339948664
GameObject:
  m_ObjectHideFlags: 0
  m_CorrespondingSourceObject: {fileID: 0}
  m_PrefabInstance: {fileID: 0}
  m_PrefabAsset: {fileID: 0}
  serializedVersion: 6
  m_Component:
  - component: {fileID: 339948666}
  - component: {fileID: 339948665}
  m_Layer: 0
  m_Name: CM vcam2
  m_TagString: Untagged
  m_Icon: {fileID: 0}
  m_NavMeshLayer: 0
  m_StaticEditorFlags: 0
  m_IsActive: 1
--- !u!114 &339948665
MonoBehaviour:
  m_ObjectHideFlags: 0
  m_CorrespondingSourceObject: {fileID: 0}
  m_PrefabInstance: {fileID: 0}
  m_PrefabAsset: {fileID: 0}
  m_GameObject: {fileID: 339948664}
  m_Enabled: 1
  m_EditorHideFlags: 0
  m_Script: {fileID: 11500000, guid: 45e653bab7fb20e499bda25e1b646fea, type: 3}
  m_Name: 
  m_EditorClassIdentifier: 
  m_ExcludedPropertiesInInspector:
  - m_Script
  m_LockStageInInspector: 
  m_StreamingVersion: 20170927
  m_Priority: 1
  m_StandbyUpdate: 2
  m_LookAt: {fileID: 0}
  m_Follow: {fileID: 0}
  m_Lens:
    FieldOfView: 40
    OrthographicSize: 10
    NearClipPlane: 0.1
    FarClipPlane: 5000
    Dutch: 0
    LensShift: {x: 0, y: 0}
  m_Transitions:
    m_BlendHint: 0
    m_InheritPosition: 0
    m_OnCameraLive:
      m_PersistentCalls:
        m_Calls: []
      m_TypeName: Cinemachine.CinemachineBrain+VcamActivatedEvent, Cinemachine, Version=0.0.0.0,
        Culture=neutral, PublicKeyToken=null
  m_LegacyBlendHint: 0
  m_ComponentOwner: {fileID: 1443667659}
--- !u!4 &339948666
Transform:
  m_ObjectHideFlags: 0
  m_CorrespondingSourceObject: {fileID: 0}
  m_PrefabInstance: {fileID: 0}
  m_PrefabAsset: {fileID: 0}
  m_GameObject: {fileID: 339948664}
  m_LocalRotation: {x: -0.096215546, y: -0.8839956, z: 0.40693834, w: -0.20903501}
  m_LocalPosition: {x: -0.39166164, y: 0.76598907, z: 0.39455205}
  m_LocalScale: {x: 1, y: 1, z: 1}
  m_Children:
  - {fileID: 1443667659}
  m_Father: {fileID: 1895826669}
  m_RootOrder: 1
  m_LocalEulerAnglesHint: {x: 0, y: 0, z: 0}
--- !u!1001 &529631946
PrefabInstance:
  m_ObjectHideFlags: 0
  serializedVersion: 2
  m_Modification:
    m_TransformParent: {fileID: 0}
    m_Modifications:
    - target: {fileID: 100000, guid: 5821b9347ef6d854e8f3cef6e0afde97, type: 3}
      propertyPath: m_Name
      value: MOD_CoffeTable (1)
      objectReference: {fileID: 0}
    - target: {fileID: 100000, guid: 5821b9347ef6d854e8f3cef6e0afde97, type: 3}
      propertyPath: m_StaticEditorFlags
      value: 4294967295
      objectReference: {fileID: 0}
    - target: {fileID: 400000, guid: 5821b9347ef6d854e8f3cef6e0afde97, type: 3}
      propertyPath: m_LocalPosition.x
      value: -0.666
      objectReference: {fileID: 0}
    - target: {fileID: 400000, guid: 5821b9347ef6d854e8f3cef6e0afde97, type: 3}
      propertyPath: m_LocalPosition.y
      value: 3.0000005
      objectReference: {fileID: 0}
    - target: {fileID: 400000, guid: 5821b9347ef6d854e8f3cef6e0afde97, type: 3}
      propertyPath: m_LocalPosition.z
      value: -0.33
      objectReference: {fileID: 0}
    - target: {fileID: 400000, guid: 5821b9347ef6d854e8f3cef6e0afde97, type: 3}
      propertyPath: m_LocalRotation.x
      value: 0
      objectReference: {fileID: 0}
    - target: {fileID: 400000, guid: 5821b9347ef6d854e8f3cef6e0afde97, type: 3}
      propertyPath: m_LocalRotation.y
      value: -0
      objectReference: {fileID: 0}
    - target: {fileID: 400000, guid: 5821b9347ef6d854e8f3cef6e0afde97, type: 3}
      propertyPath: m_LocalRotation.z
      value: -0
      objectReference: {fileID: 0}
    - target: {fileID: 400000, guid: 5821b9347ef6d854e8f3cef6e0afde97, type: 3}
      propertyPath: m_LocalRotation.w
      value: 1
      objectReference: {fileID: 0}
    - target: {fileID: 400000, guid: 5821b9347ef6d854e8f3cef6e0afde97, type: 3}
      propertyPath: m_RootOrder
      value: 3
      objectReference: {fileID: 0}
    - target: {fileID: 400000, guid: 5821b9347ef6d854e8f3cef6e0afde97, type: 3}
      propertyPath: m_LocalEulerAnglesHint.x
      value: 0
      objectReference: {fileID: 0}
    - target: {fileID: 400000, guid: 5821b9347ef6d854e8f3cef6e0afde97, type: 3}
      propertyPath: m_LocalEulerAnglesHint.y
      value: 0
      objectReference: {fileID: 0}
    - target: {fileID: 400000, guid: 5821b9347ef6d854e8f3cef6e0afde97, type: 3}
      propertyPath: m_LocalEulerAnglesHint.z
      value: 0
      objectReference: {fileID: 0}
    m_RemovedComponents: []
  m_SourcePrefab: {fileID: 100100000, guid: 5821b9347ef6d854e8f3cef6e0afde97, type: 3}
--- !u!1001 &532234563
PrefabInstance:
  m_ObjectHideFlags: 0
  serializedVersion: 2
  m_Modification:
    m_TransformParent: {fileID: 0}
    m_Modifications:
    - target: {fileID: 1476827056749051586, guid: bcce0b3cb07d555439401412c9c64e9e,
        type: 3}
      propertyPath: m_Name
      value: PREFAB_Vagao_Cabin (1)
      objectReference: {fileID: 0}
    - target: {fileID: 1476827056749051586, guid: bcce0b3cb07d555439401412c9c64e9e,
        type: 3}
      propertyPath: m_StaticEditorFlags
      value: 4294967295
      objectReference: {fileID: 0}
    - target: {fileID: 1395990641674997472, guid: bcce0b3cb07d555439401412c9c64e9e,
        type: 3}
      propertyPath: m_StaticEditorFlags
      value: 4294967295
      objectReference: {fileID: 0}
    - target: {fileID: 9194070112925698862, guid: bcce0b3cb07d555439401412c9c64e9e,
        type: 3}
      propertyPath: m_LocalPosition.x
      value: 0
      objectReference: {fileID: 0}
    - target: {fileID: 9194070112925698862, guid: bcce0b3cb07d555439401412c9c64e9e,
        type: 3}
      propertyPath: m_LocalPosition.y
      value: 0
      objectReference: {fileID: 0}
    - target: {fileID: 9194070112925698862, guid: bcce0b3cb07d555439401412c9c64e9e,
        type: 3}
      propertyPath: m_LocalPosition.z
      value: 0
      objectReference: {fileID: 0}
    - target: {fileID: 9194070112925698862, guid: bcce0b3cb07d555439401412c9c64e9e,
        type: 3}
      propertyPath: m_LocalRotation.x
      value: 0
      objectReference: {fileID: 0}
    - target: {fileID: 9194070112925698862, guid: bcce0b3cb07d555439401412c9c64e9e,
        type: 3}
      propertyPath: m_LocalRotation.y
      value: 0
      objectReference: {fileID: 0}
    - target: {fileID: 9194070112925698862, guid: bcce0b3cb07d555439401412c9c64e9e,
        type: 3}
      propertyPath: m_LocalRotation.z
      value: 0
      objectReference: {fileID: 0}
    - target: {fileID: 9194070112925698862, guid: bcce0b3cb07d555439401412c9c64e9e,
        type: 3}
      propertyPath: m_LocalRotation.w
      value: 1
      objectReference: {fileID: 0}
    - target: {fileID: 9194070112925698862, guid: bcce0b3cb07d555439401412c9c64e9e,
        type: 3}
      propertyPath: m_RootOrder
      value: 6
      objectReference: {fileID: 0}
    - target: {fileID: 9194070112925698862, guid: bcce0b3cb07d555439401412c9c64e9e,
        type: 3}
      propertyPath: m_LocalEulerAnglesHint.x
      value: 0
      objectReference: {fileID: 0}
    - target: {fileID: 9194070112925698862, guid: bcce0b3cb07d555439401412c9c64e9e,
        type: 3}
      propertyPath: m_LocalEulerAnglesHint.y
      value: 0
      objectReference: {fileID: 0}
    - target: {fileID: 9194070112925698862, guid: bcce0b3cb07d555439401412c9c64e9e,
        type: 3}
      propertyPath: m_LocalEulerAnglesHint.z
      value: 0
      objectReference: {fileID: 0}
    m_RemovedComponents: []
  m_SourcePrefab: {fileID: 100100000, guid: bcce0b3cb07d555439401412c9c64e9e, type: 3}
--- !u!1 &532234564 stripped
GameObject:
  m_CorrespondingSourceObject: {fileID: 1395990641674997472, guid: bcce0b3cb07d555439401412c9c64e9e,
    type: 3}
  m_PrefabInstance: {fileID: 532234563}
  m_PrefabAsset: {fileID: 0}
--- !u!64 &532234565
MeshCollider:
  m_ObjectHideFlags: 0
  m_CorrespondingSourceObject: {fileID: 0}
  m_PrefabInstance: {fileID: 0}
  m_PrefabAsset: {fileID: 0}
  m_GameObject: {fileID: 532234564}
  m_Material: {fileID: 0}
  m_IsTrigger: 0
  m_Enabled: 1
  serializedVersion: 3
  m_Convex: 0
  m_CookingOptions: 14
  m_Mesh: {fileID: 4300000, guid: 0286378d004a2b640b4ca0b325fd4463, type: 3}
--- !u!1001 &593660140
PrefabInstance:
  m_ObjectHideFlags: 0
  serializedVersion: 2
  m_Modification:
    m_TransformParent: {fileID: 0}
    m_Modifications:
    - target: {fileID: 4249106688986366302, guid: 4e38634f90fbb3d4eb43f600b106cc1a,
        type: 3}
      propertyPath: m_Name
      value: PREFAB_Newspaper (1)
      objectReference: {fileID: 0}
    - target: {fileID: 4249106688986366302, guid: 4e38634f90fbb3d4eb43f600b106cc1a,
        type: 3}
      propertyPath: m_StaticEditorFlags
      value: 4294967295
      objectReference: {fileID: 0}
    - target: {fileID: 1271452579206352868, guid: 4e38634f90fbb3d4eb43f600b106cc1a,
        type: 3}
      propertyPath: m_LocalPosition.x
      value: -1.0028
      objectReference: {fileID: 0}
    - target: {fileID: 1271452579206352868, guid: 4e38634f90fbb3d4eb43f600b106cc1a,
        type: 3}
      propertyPath: m_LocalPosition.y
      value: 4.055
      objectReference: {fileID: 0}
    - target: {fileID: 1271452579206352868, guid: 4e38634f90fbb3d4eb43f600b106cc1a,
        type: 3}
      propertyPath: m_LocalPosition.z
      value: -0.0608
      objectReference: {fileID: 0}
    - target: {fileID: 1271452579206352868, guid: 4e38634f90fbb3d4eb43f600b106cc1a,
        type: 3}
      propertyPath: m_LocalRotation.x
      value: -0.6532815
      objectReference: {fileID: 0}
    - target: {fileID: 1271452579206352868, guid: 4e38634f90fbb3d4eb43f600b106cc1a,
        type: 3}
      propertyPath: m_LocalRotation.y
      value: -0.27059805
      objectReference: {fileID: 0}
    - target: {fileID: 1271452579206352868, guid: 4e38634f90fbb3d4eb43f600b106cc1a,
        type: 3}
      propertyPath: m_LocalRotation.z
      value: -0.27059805
      objectReference: {fileID: 0}
    - target: {fileID: 1271452579206352868, guid: 4e38634f90fbb3d4eb43f600b106cc1a,
        type: 3}
      propertyPath: m_LocalRotation.w
      value: 0.6532815
      objectReference: {fileID: 0}
    - target: {fileID: 1271452579206352868, guid: 4e38634f90fbb3d4eb43f600b106cc1a,
        type: 3}
      propertyPath: m_RootOrder
      value: 1
      objectReference: {fileID: 0}
    - target: {fileID: 1271452579206352868, guid: 4e38634f90fbb3d4eb43f600b106cc1a,
        type: 3}
      propertyPath: m_LocalEulerAnglesHint.x
      value: -90
      objectReference: {fileID: 0}
    - target: {fileID: 1271452579206352868, guid: 4e38634f90fbb3d4eb43f600b106cc1a,
        type: 3}
      propertyPath: m_LocalEulerAnglesHint.y
      value: 0
      objectReference: {fileID: 0}
    - target: {fileID: 1271452579206352868, guid: 4e38634f90fbb3d4eb43f600b106cc1a,
        type: 3}
      propertyPath: m_LocalEulerAnglesHint.z
      value: -45
      objectReference: {fileID: 0}
    - target: {fileID: 5932936097633771463, guid: 4e38634f90fbb3d4eb43f600b106cc1a,
        type: 3}
      propertyPath: m_StaticEditorFlags
      value: 4294967295
      objectReference: {fileID: 0}
    - target: {fileID: 2791147025724631090, guid: 4e38634f90fbb3d4eb43f600b106cc1a,
        type: 3}
      propertyPath: m_StaticEditorFlags
      value: 4294967295
      objectReference: {fileID: 0}
    - target: {fileID: 4593190165171720227, guid: 4e38634f90fbb3d4eb43f600b106cc1a,
        type: 3}
      propertyPath: m_Materials.Array.data[0]
      value: 
      objectReference: {fileID: 2100000, guid: 1ed0ffb674bbd554a886fe4a6278d593, type: 2}
    - target: {fileID: 7153571498056699752, guid: 4e38634f90fbb3d4eb43f600b106cc1a,
        type: 3}
      propertyPath: m_StaticEditorFlags
      value: 4294967295
      objectReference: {fileID: 0}
    - target: {fileID: 1980507155000901361, guid: 4e38634f90fbb3d4eb43f600b106cc1a,
        type: 3}
      propertyPath: m_StaticEditorFlags
      value: 4294967295
      objectReference: {fileID: 0}
    - target: {fileID: 652272866663474417, guid: 4e38634f90fbb3d4eb43f600b106cc1a,
        type: 3}
      propertyPath: m_StaticEditorFlags
      value: 4294967295
      objectReference: {fileID: 0}
    - target: {fileID: 5877973523790227507, guid: 4e38634f90fbb3d4eb43f600b106cc1a,
        type: 3}
      propertyPath: m_StaticEditorFlags
      value: 4294967295
      objectReference: {fileID: 0}
    m_RemovedComponents: []
  m_SourcePrefab: {fileID: 100100000, guid: 4e38634f90fbb3d4eb43f600b106cc1a, type: 3}
--- !u!1 &771806375 stripped
GameObject:
  m_CorrespondingSourceObject: {fileID: 1751814518266724473, guid: 0cdb029707ed4644eb21c58bd3050813,
    type: 3}
  m_PrefabInstance: {fileID: 38263506}
  m_PrefabAsset: {fileID: 0}
--- !u!82 &771806376
AudioSource:
  m_ObjectHideFlags: 0
  m_CorrespondingSourceObject: {fileID: 0}
  m_PrefabInstance: {fileID: 0}
  m_PrefabAsset: {fileID: 0}
  m_GameObject: {fileID: 771806375}
  m_Enabled: 1
  serializedVersion: 4
  OutputAudioMixerGroup: {fileID: 243729015915418270, guid: 191457a485ec3ae4eaf1a39910d64049,
    type: 2}
  m_audioClip: {fileID: 8300000, guid: 96e9b9635b7d07748996df29a4937dd4, type: 3}
  m_PlayOnAwake: 1
  m_Volume: 0.4
  m_Pitch: 1
  Loop: 0
  Mute: 0
  Spatialize: 0
  SpatializePostEffects: 0
  Priority: 128
  DopplerLevel: 1
  MinDistance: 1
  MaxDistance: 500
  Pan2D: 0
  rolloffMode: 0
  BypassEffects: 0
  BypassListenerEffects: 0
  BypassReverbZones: 0
  rolloffCustomCurve:
    serializedVersion: 2
    m_Curve:
    - serializedVersion: 3
      time: 0
      value: 1
      inSlope: 0
      outSlope: 0
      tangentMode: 0
      weightedMode: 0
      inWeight: 0.33333334
      outWeight: 0.33333334
    - serializedVersion: 3
      time: 1
      value: 0
      inSlope: 0
      outSlope: 0
      tangentMode: 0
      weightedMode: 0
      inWeight: 0.33333334
      outWeight: 0.33333334
    m_PreInfinity: 2
    m_PostInfinity: 2
    m_RotationOrder: 4
  panLevelCustomCurve:
    serializedVersion: 2
    m_Curve:
    - serializedVersion: 3
      time: 0
      value: 0
      inSlope: 0
      outSlope: 0
      tangentMode: 0
      weightedMode: 0
      inWeight: 0.33333334
      outWeight: 0.33333334
    m_PreInfinity: 2
    m_PostInfinity: 2
    m_RotationOrder: 4
  spreadCustomCurve:
    serializedVersion: 2
    m_Curve:
    - serializedVersion: 3
      time: 0
      value: 0
      inSlope: 0
      outSlope: 0
      tangentMode: 0
      weightedMode: 0
      inWeight: 0.33333334
      outWeight: 0.33333334
    m_PreInfinity: 2
    m_PostInfinity: 2
    m_RotationOrder: 4
  reverbZoneMixCustomCurve:
    serializedVersion: 2
    m_Curve:
    - serializedVersion: 3
      time: 0
      value: 1
      inSlope: 0
      outSlope: 0
      tangentMode: 0
      weightedMode: 0
      inWeight: 0.33333334
      outWeight: 0.33333334
    m_PreInfinity: 2
    m_PostInfinity: 2
    m_RotationOrder: 4
--- !u!1001 &876935790
PrefabInstance:
  m_ObjectHideFlags: 0
  serializedVersion: 2
  m_Modification:
    m_TransformParent: {fileID: 0}
    m_Modifications:
    - target: {fileID: 1420274897386237098, guid: 54aee1bf132d68b4db1390d969172960,
        type: 3}
      propertyPath: m_Name
      value: Canvas
      objectReference: {fileID: 0}
    - target: {fileID: 1420274897386237014, guid: 54aee1bf132d68b4db1390d969172960,
        type: 3}
      propertyPath: m_LocalPosition.x
      value: 0
      objectReference: {fileID: 0}
    - target: {fileID: 1420274897386237014, guid: 54aee1bf132d68b4db1390d969172960,
        type: 3}
      propertyPath: m_LocalPosition.y
      value: 0
      objectReference: {fileID: 0}
    - target: {fileID: 1420274897386237014, guid: 54aee1bf132d68b4db1390d969172960,
        type: 3}
      propertyPath: m_LocalPosition.z
      value: 0
      objectReference: {fileID: 0}
    - target: {fileID: 1420274897386237014, guid: 54aee1bf132d68b4db1390d969172960,
        type: 3}
      propertyPath: m_LocalRotation.x
      value: 0
      objectReference: {fileID: 0}
    - target: {fileID: 1420274897386237014, guid: 54aee1bf132d68b4db1390d969172960,
        type: 3}
      propertyPath: m_LocalRotation.y
      value: 0
      objectReference: {fileID: 0}
    - target: {fileID: 1420274897386237014, guid: 54aee1bf132d68b4db1390d969172960,
        type: 3}
      propertyPath: m_LocalRotation.z
      value: 0
      objectReference: {fileID: 0}
    - target: {fileID: 1420274897386237014, guid: 54aee1bf132d68b4db1390d969172960,
        type: 3}
      propertyPath: m_LocalRotation.w
      value: 1
      objectReference: {fileID: 0}
    - target: {fileID: 1420274897386237014, guid: 54aee1bf132d68b4db1390d969172960,
        type: 3}
      propertyPath: m_RootOrder
      value: 8
      objectReference: {fileID: 0}
    - target: {fileID: 1420274897386237014, guid: 54aee1bf132d68b4db1390d969172960,
        type: 3}
      propertyPath: m_LocalEulerAnglesHint.x
      value: 0
      objectReference: {fileID: 0}
    - target: {fileID: 1420274897386237014, guid: 54aee1bf132d68b4db1390d969172960,
        type: 3}
      propertyPath: m_LocalEulerAnglesHint.y
      value: 0
      objectReference: {fileID: 0}
    - target: {fileID: 1420274897386237014, guid: 54aee1bf132d68b4db1390d969172960,
        type: 3}
      propertyPath: m_LocalEulerAnglesHint.z
      value: 0
      objectReference: {fileID: 0}
    - target: {fileID: 1420274897386237014, guid: 54aee1bf132d68b4db1390d969172960,
        type: 3}
      propertyPath: m_AnchoredPosition.x
      value: 0
      objectReference: {fileID: 0}
    - target: {fileID: 1420274897386237014, guid: 54aee1bf132d68b4db1390d969172960,
        type: 3}
      propertyPath: m_AnchoredPosition.y
      value: 0
      objectReference: {fileID: 0}
    - target: {fileID: 1420274897386237014, guid: 54aee1bf132d68b4db1390d969172960,
        type: 3}
      propertyPath: m_SizeDelta.x
      value: 0
      objectReference: {fileID: 0}
    - target: {fileID: 1420274897386237014, guid: 54aee1bf132d68b4db1390d969172960,
        type: 3}
      propertyPath: m_SizeDelta.y
      value: 0
      objectReference: {fileID: 0}
    - target: {fileID: 1420274897386237014, guid: 54aee1bf132d68b4db1390d969172960,
        type: 3}
      propertyPath: m_AnchorMin.x
      value: 0
      objectReference: {fileID: 0}
    - target: {fileID: 1420274897386237014, guid: 54aee1bf132d68b4db1390d969172960,
        type: 3}
      propertyPath: m_AnchorMin.y
      value: 0
      objectReference: {fileID: 0}
    - target: {fileID: 1420274897386237014, guid: 54aee1bf132d68b4db1390d969172960,
        type: 3}
      propertyPath: m_AnchorMax.x
      value: 0
      objectReference: {fileID: 0}
    - target: {fileID: 1420274897386237014, guid: 54aee1bf132d68b4db1390d969172960,
        type: 3}
      propertyPath: m_AnchorMax.y
      value: 0
      objectReference: {fileID: 0}
    - target: {fileID: 1420274897386237014, guid: 54aee1bf132d68b4db1390d969172960,
        type: 3}
      propertyPath: m_Pivot.x
      value: 0
      objectReference: {fileID: 0}
    - target: {fileID: 1420274897386237014, guid: 54aee1bf132d68b4db1390d969172960,
        type: 3}
      propertyPath: m_Pivot.y
      value: 0
      objectReference: {fileID: 0}
    - target: {fileID: 1420274898327891197, guid: 54aee1bf132d68b4db1390d969172960,
        type: 3}
      propertyPath: m_FontData.m_Font
      value: 
      objectReference: {fileID: 12800000, guid: 36943998e7b374948a2db615a0530c5b,
        type: 3}
    m_RemovedComponents: []
  m_SourcePrefab: {fileID: 100100000, guid: 54aee1bf132d68b4db1390d969172960, type: 3}
--- !u!1001 &1085417032
PrefabInstance:
  m_ObjectHideFlags: 0
  serializedVersion: 2
  m_Modification:
    m_TransformParent: {fileID: 0}
    m_Modifications:
    - target: {fileID: 6310157241439902341, guid: f8d18eb8dd2900845bc51303fbe03233,
        type: 3}
      propertyPath: m_Name
      value: Lighting (1)
      objectReference: {fileID: 0}
    - target: {fileID: 2235752398435926830, guid: f8d18eb8dd2900845bc51303fbe03233,
        type: 3}
      propertyPath: m_LocalPosition.x
      value: 49.61301
      objectReference: {fileID: 0}
    - target: {fileID: 2235752398435926830, guid: f8d18eb8dd2900845bc51303fbe03233,
        type: 3}
      propertyPath: m_LocalPosition.y
      value: 0.6436303
      objectReference: {fileID: 0}
    - target: {fileID: 2235752398435926830, guid: f8d18eb8dd2900845bc51303fbe03233,
        type: 3}
      propertyPath: m_LocalPosition.z
      value: 191.84033
      objectReference: {fileID: 0}
    - target: {fileID: 2235752398435926830, guid: f8d18eb8dd2900845bc51303fbe03233,
        type: 3}
      propertyPath: m_LocalRotation.x
      value: 0
      objectReference: {fileID: 0}
    - target: {fileID: 2235752398435926830, guid: f8d18eb8dd2900845bc51303fbe03233,
        type: 3}
      propertyPath: m_LocalRotation.y
      value: 0
      objectReference: {fileID: 0}
    - target: {fileID: 2235752398435926830, guid: f8d18eb8dd2900845bc51303fbe03233,
        type: 3}
      propertyPath: m_LocalRotation.z
      value: 0
      objectReference: {fileID: 0}
    - target: {fileID: 2235752398435926830, guid: f8d18eb8dd2900845bc51303fbe03233,
        type: 3}
      propertyPath: m_LocalRotation.w
      value: 1
      objectReference: {fileID: 0}
    - target: {fileID: 2235752398435926830, guid: f8d18eb8dd2900845bc51303fbe03233,
        type: 3}
      propertyPath: m_RootOrder
      value: 5
      objectReference: {fileID: 0}
    - target: {fileID: 2235752398435926830, guid: f8d18eb8dd2900845bc51303fbe03233,
        type: 3}
      propertyPath: m_LocalEulerAnglesHint.x
      value: 0
      objectReference: {fileID: 0}
    - target: {fileID: 2235752398435926830, guid: f8d18eb8dd2900845bc51303fbe03233,
        type: 3}
      propertyPath: m_LocalEulerAnglesHint.y
      value: 0
      objectReference: {fileID: 0}
    - target: {fileID: 2235752398435926830, guid: f8d18eb8dd2900845bc51303fbe03233,
        type: 3}
      propertyPath: m_LocalEulerAnglesHint.z
      value: 0
      objectReference: {fileID: 0}
    m_RemovedComponents: []
  m_SourcePrefab: {fileID: 100100000, guid: f8d18eb8dd2900845bc51303fbe03233, type: 3}
--- !u!1 &1119826899
GameObject:
  m_ObjectHideFlags: 3
  m_CorrespondingSourceObject: {fileID: 0}
  m_PrefabInstance: {fileID: 0}
  m_PrefabAsset: {fileID: 0}
  serializedVersion: 6
  m_Component:
  - component: {fileID: 1119826900}
  - component: {fileID: 1119826902}
  - component: {fileID: 1119826901}
  m_Layer: 0
  m_Name: cm
  m_TagString: Untagged
  m_Icon: {fileID: 0}
  m_NavMeshLayer: 0
  m_StaticEditorFlags: 0
  m_IsActive: 1
--- !u!4 &1119826900
Transform:
  m_ObjectHideFlags: 3
  m_CorrespondingSourceObject: {fileID: 0}
  m_PrefabInstance: {fileID: 0}
  m_PrefabAsset: {fileID: 0}
  m_GameObject: {fileID: 1119826899}
  m_LocalRotation: {x: -0, y: -0, z: -0, w: 1}
  m_LocalPosition: {x: 0.57008576, y: -3.400258, z: 0.5677519}
  m_LocalScale: {x: 1, y: 1, z: 1}
  m_Children: []
  m_Father: {fileID: 2007161336}
  m_RootOrder: 0
  m_LocalEulerAnglesHint: {x: 0, y: 0, z: 0}
--- !u!114 &1119826901
MonoBehaviour:
  m_ObjectHideFlags: 3
  m_CorrespondingSourceObject: {fileID: 0}
  m_PrefabInstance: {fileID: 0}
  m_PrefabAsset: {fileID: 0}
  m_GameObject: {fileID: 1119826899}
  m_Enabled: 1
  m_EditorHideFlags: 0
  m_Script: {fileID: 11500000, guid: 68bb026fafb42b14791938953eaace77, type: 3}
  m_Name: 
  m_EditorClassIdentifier: 
  m_NoiseProfile: {fileID: 11400000, guid: a3dacaec0287d7444b4bd276816e1666, type: 2}
  m_AmplitudeGain: 1
  m_FrequencyGain: 1
  mNoiseOffsets: {x: 0, y: 0, z: 0}
--- !u!114 &1119826902
MonoBehaviour:
  m_ObjectHideFlags: 3
  m_CorrespondingSourceObject: {fileID: 0}
  m_PrefabInstance: {fileID: 0}
  m_PrefabAsset: {fileID: 0}
  m_GameObject: {fileID: 1119826899}
  m_Enabled: 1
  m_EditorHideFlags: 0
  m_Script: {fileID: 11500000, guid: ac0b09e7857660247b1477e93731de29, type: 3}
  m_Name: 
  m_EditorClassIdentifier: 
--- !u!1 &1443667658
GameObject:
  m_ObjectHideFlags: 3
  m_CorrespondingSourceObject: {fileID: 0}
  m_PrefabInstance: {fileID: 0}
  m_PrefabAsset: {fileID: 0}
  serializedVersion: 6
  m_Component:
  - component: {fileID: 1443667659}
  - component: {fileID: 1443667661}
  - component: {fileID: 1443667660}
  m_Layer: 0
  m_Name: cm
  m_TagString: Untagged
  m_Icon: {fileID: 0}
  m_NavMeshLayer: 0
  m_StaticEditorFlags: 0
  m_IsActive: 1
--- !u!4 &1443667659
Transform:
  m_ObjectHideFlags: 3
  m_CorrespondingSourceObject: {fileID: 0}
  m_PrefabInstance: {fileID: 0}
  m_PrefabAsset: {fileID: 0}
  m_GameObject: {fileID: 1443667658}
  m_LocalRotation: {x: -0, y: -0, z: -0, w: 1}
  m_LocalPosition: {x: 0.57160676, y: -3.565965, z: 0.28467175}
  m_LocalScale: {x: 1, y: 1, z: 1}
  m_Children: []
  m_Father: {fileID: 339948666}
  m_RootOrder: 0
  m_LocalEulerAnglesHint: {x: 0, y: 0, z: 0}
--- !u!114 &1443667660
MonoBehaviour:
  m_ObjectHideFlags: 3
  m_CorrespondingSourceObject: {fileID: 0}
  m_PrefabInstance: {fileID: 0}
  m_PrefabAsset: {fileID: 0}
  m_GameObject: {fileID: 1443667658}
  m_Enabled: 1
  m_EditorHideFlags: 0
  m_Script: {fileID: 11500000, guid: 68bb026fafb42b14791938953eaace77, type: 3}
  m_Name: 
  m_EditorClassIdentifier: 
  m_NoiseProfile: {fileID: 11400000, guid: a3dacaec0287d7444b4bd276816e1666, type: 2}
  m_AmplitudeGain: 1
  m_FrequencyGain: 1
  mNoiseOffsets: {x: 0, y: 0, z: 0}
--- !u!114 &1443667661
MonoBehaviour:
  m_ObjectHideFlags: 3
  m_CorrespondingSourceObject: {fileID: 0}
  m_PrefabInstance: {fileID: 0}
  m_PrefabAsset: {fileID: 0}
  m_GameObject: {fileID: 1443667658}
  m_Enabled: 1
  m_EditorHideFlags: 0
  m_Script: {fileID: 11500000, guid: ac0b09e7857660247b1477e93731de29, type: 3}
  m_Name: 
  m_EditorClassIdentifier: 
--- !u!1 &1895826667
GameObject:
  m_ObjectHideFlags: 0
  m_CorrespondingSourceObject: {fileID: 0}
  m_PrefabInstance: {fileID: 0}
  m_PrefabAsset: {fileID: 0}
  serializedVersion: 6
  m_Component:
  - component: {fileID: 1895826669}
  - component: {fileID: 1895826668}
  m_Layer: 0
  m_Name: CM BlendListCamera1 (1)
  m_TagString: Untagged
  m_Icon: {fileID: 0}
  m_NavMeshLayer: 0
  m_StaticEditorFlags: 0
  m_IsActive: 1
--- !u!114 &1895826668
MonoBehaviour:
  m_ObjectHideFlags: 0
  m_CorrespondingSourceObject: {fileID: 0}
  m_PrefabInstance: {fileID: 0}
  m_PrefabAsset: {fileID: 0}
  m_GameObject: {fileID: 1895826667}
  m_Enabled: 1
  m_EditorHideFlags: 0
  m_Script: {fileID: 11500000, guid: 53258ad9ad6e71e48bb8643c9522112e, type: 3}
  m_Name: 
  m_EditorClassIdentifier: 
  m_ExcludedPropertiesInInspector:
  - m_Script
  m_LockStageInInspector: 
  m_StreamingVersion: 20170927
  m_Priority: 10
  m_StandbyUpdate: 1
  m_LookAt: {fileID: 0}
  m_Follow: {fileID: 0}
  m_ShowDebugText: 1
  m_ChildCameras:
  - {fileID: 2052340448}
  - {fileID: 339948665}
  - {fileID: 2007161335}
  m_Instructions:
  - m_VirtualCamera: {fileID: 2052340448}
    m_Hold: 0
    m_Blend:
      m_Style: 1
      m_Time: 10
      m_CustomCurve:
        serializedVersion: 2
        m_Curve: []
        m_PreInfinity: 2
        m_PostInfinity: 2
        m_RotationOrder: 4
  - m_VirtualCamera: {fileID: 339948665}
    m_Hold: 10
    m_Blend:
      m_Style: 1
      m_Time: 10
      m_CustomCurve:
        serializedVersion: 2
        m_Curve: []
        m_PreInfinity: 2
        m_PostInfinity: 2
        m_RotationOrder: 4
  - m_VirtualCamera: {fileID: 2007161335}
    m_Hold: 0
    m_Blend:
      m_Style: 1
      m_Time: 30
      m_CustomCurve:
        serializedVersion: 2
        m_Curve: []
        m_PreInfinity: 2
        m_PostInfinity: 2
        m_RotationOrder: 4
--- !u!4 &1895826669
Transform:
  m_ObjectHideFlags: 0
  m_CorrespondingSourceObject: {fileID: 0}
  m_PrefabInstance: {fileID: 0}
  m_PrefabAsset: {fileID: 0}
  m_GameObject: {fileID: 1895826667}
  m_LocalRotation: {x: 0, y: 0, z: 0, w: 1}
  m_LocalPosition: {x: -0.57160676, y: 3.565965, z: -0.28467175}
  m_LocalScale: {x: 1, y: 1, z: 1}
  m_Children:
  - {fileID: 2052340449}
  - {fileID: 339948666}
  - {fileID: 2007161336}
  m_Father: {fileID: 0}
  m_RootOrder: 7
  m_LocalEulerAnglesHint: {x: 0, y: 0, z: 0}
--- !u!1 &2007161334
GameObject:
  m_ObjectHideFlags: 0
  m_CorrespondingSourceObject: {fileID: 0}
  m_PrefabInstance: {fileID: 0}
  m_PrefabAsset: {fileID: 0}
  serializedVersion: 6
  m_Component:
  - component: {fileID: 2007161336}
  - component: {fileID: 2007161335}
  m_Layer: 0
  m_Name: CM vcam3
  m_TagString: Untagged
  m_Icon: {fileID: 0}
  m_NavMeshLayer: 0
  m_StaticEditorFlags: 0
  m_IsActive: 1
--- !u!114 &2007161335
MonoBehaviour:
  m_ObjectHideFlags: 0
  m_CorrespondingSourceObject: {fileID: 0}
  m_PrefabInstance: {fileID: 0}
  m_PrefabAsset: {fileID: 0}
  m_GameObject: {fileID: 2007161334}
  m_Enabled: 1
  m_EditorHideFlags: 0
  m_Script: {fileID: 11500000, guid: 45e653bab7fb20e499bda25e1b646fea, type: 3}
  m_Name: 
  m_EditorClassIdentifier: 
  m_ExcludedPropertiesInInspector:
  - m_Script
  m_LockStageInInspector: 
  m_StreamingVersion: 20170927
  m_Priority: 0
  m_StandbyUpdate: 2
  m_LookAt: {fileID: 0}
  m_Follow: {fileID: 0}
  m_Lens:
    FieldOfView: 40
    OrthographicSize: 10
    NearClipPlane: 0.1
    FarClipPlane: 5000
    Dutch: 0
    LensShift: {x: 0, y: 0}
  m_Transitions:
    m_BlendHint: 0
    m_InheritPosition: 0
    m_OnCameraLive:
      m_PersistentCalls:
        m_Calls: []
      m_TypeName: Cinemachine.CinemachineBrain+VcamActivatedEvent, Cinemachine, Version=0.0.0.0,
        Culture=neutral, PublicKeyToken=null
  m_LegacyBlendHint: 0
  m_ComponentOwner: {fileID: 1119826900}
--- !u!4 &2007161336
Transform:
  m_ObjectHideFlags: 0
  m_CorrespondingSourceObject: {fileID: 0}
  m_PrefabInstance: {fileID: 0}
  m_PrefabAsset: {fileID: 0}
  m_GameObject: {fileID: 2007161334}
  m_LocalRotation: {x: -0.18935631, y: -0.8104926, z: 0.38346872, w: -0.40024707}
  m_LocalPosition: {x: -0.5036987, y: 0.7480614, z: 0.28761452}
  m_LocalScale: {x: 1, y: 1, z: 1}
  m_Children:
  - {fileID: 1119826900}
  m_Father: {fileID: 1895826669}
  m_RootOrder: 2
  m_LocalEulerAnglesHint: {x: 0, y: 0, z: 0}
--- !u!1 &2052340447
GameObject:
  m_ObjectHideFlags: 0
  m_CorrespondingSourceObject: {fileID: 0}
  m_PrefabInstance: {fileID: 0}
  m_PrefabAsset: {fileID: 0}
  serializedVersion: 6
  m_Component:
  - component: {fileID: 2052340449}
  - component: {fileID: 2052340448}
  m_Layer: 0
  m_Name: CM vcam1
  m_TagString: Untagged
  m_Icon: {fileID: 0}
  m_NavMeshLayer: 0
  m_StaticEditorFlags: 0
  m_IsActive: 1
--- !u!114 &2052340448
MonoBehaviour:
  m_ObjectHideFlags: 0
  m_CorrespondingSourceObject: {fileID: 0}
  m_PrefabInstance: {fileID: 0}
  m_PrefabAsset: {fileID: 0}
  m_GameObject: {fileID: 2052340447}
  m_Enabled: 1
  m_EditorHideFlags: 0
  m_Script: {fileID: 11500000, guid: 45e653bab7fb20e499bda25e1b646fea, type: 3}
  m_Name: 
  m_EditorClassIdentifier: 
  m_ExcludedPropertiesInInspector:
  - m_Script
  m_LockStageInInspector: 
  m_StreamingVersion: 20170927
  m_Priority: 1
  m_StandbyUpdate: 2
  m_LookAt: {fileID: 0}
  m_Follow: {fileID: 0}
  m_Lens:
    FieldOfView: 40
    OrthographicSize: 10
    NearClipPlane: 0.1
    FarClipPlane: 5000
    Dutch: 0
    LensShift: {x: 0, y: 0}
  m_Transitions:
    m_BlendHint: 0
    m_InheritPosition: 0
    m_OnCameraLive:
      m_PersistentCalls:
        m_Calls: []
      m_TypeName: Cinemachine.CinemachineBrain+VcamActivatedEvent, Cinemachine, Version=0.0.0.0,
        Culture=neutral, PublicKeyToken=null
  m_LegacyBlendHint: 0
  m_ComponentOwner: {fileID: 2064178246}
--- !u!4 &2052340449
Transform:
  m_ObjectHideFlags: 0
  m_CorrespondingSourceObject: {fileID: 0}
  m_PrefabInstance: {fileID: 0}
  m_PrefabAsset: {fileID: 0}
  m_GameObject: {fileID: 2052340447}
  m_LocalRotation: {x: -0.16078745, y: -0.8344798, z: 0.41804627, w: -0.3209801}
  m_LocalPosition: {x: -0.7034863, y: 1.5690749, z: 1.068728}
  m_LocalScale: {x: 1, y: 1, z: 1}
  m_Children:
  - {fileID: 2064178246}
  m_Father: {fileID: 1895826669}
  m_RootOrder: 0
  m_LocalEulerAnglesHint: {x: 0, y: 0, z: 0}
--- !u!1 &2064178245
GameObject:
  m_ObjectHideFlags: 3
  m_CorrespondingSourceObject: {fileID: 0}
  m_PrefabInstance: {fileID: 0}
  m_PrefabAsset: {fileID: 0}
  serializedVersion: 6
  m_Component:
  - component: {fileID: 2064178246}
  - component: {fileID: 2064178248}
  - component: {fileID: 2064178247}
  m_Layer: 0
  m_Name: cm
  m_TagString: Untagged
  m_Icon: {fileID: 0}
  m_NavMeshLayer: 0
  m_StaticEditorFlags: 0
  m_IsActive: 1
--- !u!4 &2064178246
Transform:
  m_ObjectHideFlags: 3
  m_CorrespondingSourceObject: {fileID: 0}
  m_PrefabInstance: {fileID: 0}
  m_PrefabAsset: {fileID: 0}
  m_GameObject: {fileID: 2064178245}
  m_LocalRotation: {x: -0, y: -0, z: -0, w: 1}
  m_LocalPosition: {x: 0.57160676, y: -3.565965, z: 0.28467175}
  m_LocalScale: {x: 1, y: 1, z: 1}
  m_Children: []
  m_Father: {fileID: 2052340449}
  m_RootOrder: 0
  m_LocalEulerAnglesHint: {x: 0, y: 0, z: 0}
--- !u!114 &2064178247
MonoBehaviour:
  m_ObjectHideFlags: 3
  m_CorrespondingSourceObject: {fileID: 0}
  m_PrefabInstance: {fileID: 0}
  m_PrefabAsset: {fileID: 0}
  m_GameObject: {fileID: 2064178245}
  m_Enabled: 1
  m_EditorHideFlags: 0
  m_Script: {fileID: 11500000, guid: 68bb026fafb42b14791938953eaace77, type: 3}
  m_Name: 
  m_EditorClassIdentifier: 
  m_NoiseProfile: {fileID: 11400000, guid: a3dacaec0287d7444b4bd276816e1666, type: 2}
  m_AmplitudeGain: 0.5
  m_FrequencyGain: 1
  mNoiseOffsets: {x: 0, y: 0, z: 0}
--- !u!114 &2064178248
MonoBehaviour:
  m_ObjectHideFlags: 3
  m_CorrespondingSourceObject: {fileID: 0}
  m_PrefabInstance: {fileID: 0}
  m_PrefabAsset: {fileID: 0}
  m_GameObject: {fileID: 2064178245}
  m_Enabled: 1
  m_EditorHideFlags: 0
  m_Script: {fileID: 11500000, guid: ac0b09e7857660247b1477e93731de29, type: 3}
  m_Name: 
  m_EditorClassIdentifier: 
--- !u!1001 &2098393201
PrefabInstance:
  m_ObjectHideFlags: 0
  serializedVersion: 2
  m_Modification:
    m_TransformParent: {fileID: 0}
    m_Modifications:
    - target: {fileID: 100002, guid: a11c0fbc0026cab4da25f8eed5d6592e, type: 3}
      propertyPath: m_Name
      value: MOD_FlowerVase (1)
      objectReference: {fileID: 0}
    - target: {fileID: 100002, guid: a11c0fbc0026cab4da25f8eed5d6592e, type: 3}
      propertyPath: m_StaticEditorFlags
      value: 4294967295
      objectReference: {fileID: 0}
    - target: {fileID: 100000, guid: a11c0fbc0026cab4da25f8eed5d6592e, type: 3}
      propertyPath: m_StaticEditorFlags
      value: 4294967295
      objectReference: {fileID: 0}
    - target: {fileID: 100004, guid: a11c0fbc0026cab4da25f8eed5d6592e, type: 3}
      propertyPath: m_StaticEditorFlags
      value: 4294967295
      objectReference: {fileID: 0}
    - target: {fileID: 400002, guid: a11c0fbc0026cab4da25f8eed5d6592e, type: 3}
      propertyPath: m_LocalPosition.x
      value: -0.477
      objectReference: {fileID: 0}
    - target: {fileID: 400002, guid: a11c0fbc0026cab4da25f8eed5d6592e, type: 3}
      propertyPath: m_LocalPosition.y
      value: 4.016
      objectReference: {fileID: 0}
    - target: {fileID: 400002, guid: a11c0fbc0026cab4da25f8eed5d6592e, type: 3}
      propertyPath: m_LocalPosition.z
      value: -0.136
      objectReference: {fileID: 0}
    - target: {fileID: 400002, guid: a11c0fbc0026cab4da25f8eed5d6592e, type: 3}
      propertyPath: m_LocalRotation.x
      value: -0
      objectReference: {fileID: 0}
    - target: {fileID: 400002, guid: a11c0fbc0026cab4da25f8eed5d6592e, type: 3}
      propertyPath: m_LocalRotation.y
      value: -0.29087552
      objectReference: {fileID: 0}
    - target: {fileID: 400002, guid: a11c0fbc0026cab4da25f8eed5d6592e, type: 3}
      propertyPath: m_LocalRotation.z
      value: -0
      objectReference: {fileID: 0}
    - target: {fileID: 400002, guid: a11c0fbc0026cab4da25f8eed5d6592e, type: 3}
      propertyPath: m_LocalRotation.w
      value: 0.95676094
      objectReference: {fileID: 0}
    - target: {fileID: 400002, guid: a11c0fbc0026cab4da25f8eed5d6592e, type: 3}
      propertyPath: m_RootOrder
      value: 2
      objectReference: {fileID: 0}
    - target: {fileID: 400002, guid: a11c0fbc0026cab4da25f8eed5d6592e, type: 3}
      propertyPath: m_LocalEulerAnglesHint.x
      value: 0
      objectReference: {fileID: 0}
    - target: {fileID: 400002, guid: a11c0fbc0026cab4da25f8eed5d6592e, type: 3}
      propertyPath: m_LocalEulerAnglesHint.y
      value: -33.821003
      objectReference: {fileID: 0}
    - target: {fileID: 400002, guid: a11c0fbc0026cab4da25f8eed5d6592e, type: 3}
      propertyPath: m_LocalEulerAnglesHint.z
      value: 0
      objectReference: {fileID: 0}
    m_RemovedComponents: []
  m_SourcePrefab: {fileID: 100100000, guid: a11c0fbc0026cab4da25f8eed5d6592e, type: 3}
