%YAML 1.1
%TAG !u! tag:unity3d.com,2011:
--- !u!1 &3146963250384015513
GameObject:
  m_ObjectHideFlags: 0
  m_CorrespondingSourceObject: {fileID: 0}
  m_PrefabInstance: {fileID: 0}
  m_PrefabAsset: {fileID: 0}
  serializedVersion: 6
  m_Component:
  - component: {fileID: 740077103924449743}
  - component: {fileID: 4370702104949868733}
  m_Layer: 16
  m_Name: Colliders (2)
  m_TagString: Untagged
  m_Icon: {fileID: 0}
  m_NavMeshLayer: 0
  m_StaticEditorFlags: 0
  m_IsActive: 1
--- !u!4 &740077103924449743
Transform:
  m_ObjectHideFlags: 0
  m_CorrespondingSourceObject: {fileID: 0}
  m_PrefabInstance: {fileID: 0}
  m_PrefabAsset: {fileID: 0}
  m_GameObject: {fileID: 3146963250384015513}
  m_LocalRotation: {x: -0, y: -0, z: 0.70710677, w: 0.7071068}
  m_LocalPosition: {x: 3.46, y: 6.11, z: 0}
  m_LocalScale: {x: 1, y: 1, z: 1}
  m_Children: []
  m_Father: {fileID: 6513241025004570669}
  m_RootOrder: 3
  m_LocalEulerAnglesHint: {x: 0, y: 0, z: 90.00001}
--- !u!65 &4370702104949868733
BoxCollider:
  m_ObjectHideFlags: 0
  m_CorrespondingSourceObject: {fileID: 0}
  m_PrefabInstance: {fileID: 0}
  m_PrefabAsset: {fileID: 0}
  m_GameObject: {fileID: 3146963250384015513}
  m_Material: {fileID: 0}
  m_IsTrigger: 0
  m_Enabled: 1
  serializedVersion: 2
  m_Size: {x: 7.3, y: 1, z: 21.1}
  m_Center: {x: 0, y: 0, z: 0}
--- !u!1 &3879476168734965228
GameObject:
  m_ObjectHideFlags: 0
  m_CorrespondingSourceObject: {fileID: 0}
  m_PrefabInstance: {fileID: 0}
  m_PrefabAsset: {fileID: 0}
  serializedVersion: 6
  m_Component:
  - component: {fileID: 6513241025004570669}
  m_Layer: 0
  m_Name: PREFAB_Vagao_Windows
  m_TagString: Untagged
  m_Icon: {fileID: 0}
  m_NavMeshLayer: 0
  m_StaticEditorFlags: 0
  m_IsActive: 1
--- !u!4 &6513241025004570669
Transform:
  m_ObjectHideFlags: 0
  m_CorrespondingSourceObject: {fileID: 0}
  m_PrefabInstance: {fileID: 0}
  m_PrefabAsset: {fileID: 0}
  m_GameObject: {fileID: 3879476168734965228}
  m_LocalRotation: {x: 0, y: 0, z: 0, w: 1}
  m_LocalPosition: {x: 0, y: 0, z: 0}
  m_LocalScale: {x: 1, y: 1, z: 1}
  m_Children:
  - {fileID: 5804780716086652790}
  - {fileID: 8560465372371620816}
  - {fileID: 3372328959270686134}
  - {fileID: 740077103924449743}
  - {fileID: 1145859976704760818}
  - {fileID: 6872467558386255304}
  m_Father: {fileID: 0}
  m_RootOrder: 0
  m_LocalEulerAnglesHint: {x: 0, y: 0, z: 0}
--- !u!1 &4452375129971196759
GameObject:
  m_ObjectHideFlags: 0
  m_CorrespondingSourceObject: {fileID: 0}
  m_PrefabInstance: {fileID: 0}
  m_PrefabAsset: {fileID: 0}
  serializedVersion: 6
  m_Component:
  - component: {fileID: 6872467558386255304}
  - component: {fileID: 8194628707653301055}
  m_Layer: 16
  m_Name: Colliders (4)
  m_TagString: Untagged
  m_Icon: {fileID: 0}
  m_NavMeshLayer: 0
  m_StaticEditorFlags: 0
  m_IsActive: 1
--- !u!4 &6872467558386255304
Transform:
  m_ObjectHideFlags: 0
  m_CorrespondingSourceObject: {fileID: 0}
  m_PrefabInstance: {fileID: 0}
  m_PrefabAsset: {fileID: 0}
  m_GameObject: {fileID: 4452375129971196759}
  m_LocalRotation: {x: -0.49999997, y: -0.49999997, z: 0.50000006, w: 0.5000001}
  m_LocalPosition: {x: 0.06, y: 6.11, z: -10.43}
  m_LocalScale: {x: 1.0000005, y: 1, z: 1}
  m_Children: []
  m_Father: {fileID: 6513241025004570669}
  m_RootOrder: 5
  m_LocalEulerAnglesHint: {x: 0, y: -90.00001, z: 90.00001}
--- !u!65 &8194628707653301055
BoxCollider:
  m_ObjectHideFlags: 0
  m_CorrespondingSourceObject: {fileID: 0}
  m_PrefabInstance: {fileID: 0}
  m_PrefabAsset: {fileID: 0}
  m_GameObject: {fileID: 4452375129971196759}
  m_Material: {fileID: 0}
  m_IsTrigger: 0
  m_Enabled: 1
  serializedVersion: 2
  m_Size: {x: 7.3, y: 1, z: 7.1}
  m_Center: {x: 0, y: 0, z: 0}
--- !u!1 &6897401859813168838
GameObject:
  m_ObjectHideFlags: 0
  m_CorrespondingSourceObject: {fileID: 0}
  m_PrefabInstance: {fileID: 0}
  m_PrefabAsset: {fileID: 0}
  serializedVersion: 6
  m_Component:
  - component: {fileID: 3372328959270686134}
  - component: {fileID: 3404772208863851264}
  m_Layer: 16
  m_Name: Colliders (1)
  m_TagString: Untagged
  m_Icon: {fileID: 0}
  m_NavMeshLayer: 0
  m_StaticEditorFlags: 0
  m_IsActive: 1
--- !u!4 &3372328959270686134
Transform:
  m_ObjectHideFlags: 0
  m_CorrespondingSourceObject: {fileID: 0}
  m_PrefabInstance: {fileID: 0}
  m_PrefabAsset: {fileID: 0}
  m_GameObject: {fileID: 6897401859813168838}
  m_LocalRotation: {x: -0, y: -0, z: 0.70710677, w: 0.7071068}
  m_LocalPosition: {x: -3.4, y: 6.11, z: 0}
  m_LocalScale: {x: 1, y: 1, z: 1}
  m_Children: []
  m_Father: {fileID: 6513241025004570669}
  m_RootOrder: 2
  m_LocalEulerAnglesHint: {x: 0, y: 0, z: 90.00001}
--- !u!65 &3404772208863851264
BoxCollider:
  m_ObjectHideFlags: 0
  m_CorrespondingSourceObject: {fileID: 0}
  m_PrefabInstance: {fileID: 0}
  m_PrefabAsset: {fileID: 0}
  m_GameObject: {fileID: 6897401859813168838}
  m_Material: {fileID: 0}
  m_IsTrigger: 0
  m_Enabled: 1
  serializedVersion: 2
  m_Size: {x: 7.3, y: 1, z: 21.1}
  m_Center: {x: 0, y: 0, z: 0}
--- !u!1 &8120604151925184195
GameObject:
  m_ObjectHideFlags: 0
  m_CorrespondingSourceObject: {fileID: 0}
  m_PrefabInstance: {fileID: 0}
  m_PrefabAsset: {fileID: 0}
  serializedVersion: 6
  m_Component:
  - component: {fileID: 1145859976704760818}
  - component: {fileID: 644983472382335198}
  m_Layer: 16
  m_Name: Colliders (3)
  m_TagString: Untagged
  m_Icon: {fileID: 0}
  m_NavMeshLayer: 0
  m_StaticEditorFlags: 0
  m_IsActive: 1
--- !u!4 &1145859976704760818
Transform:
  m_ObjectHideFlags: 0
  m_CorrespondingSourceObject: {fileID: 0}
  m_PrefabInstance: {fileID: 0}
  m_PrefabAsset: {fileID: 0}
  m_GameObject: {fileID: 8120604151925184195}
  m_LocalRotation: {x: -0.49999997, y: -0.49999997, z: 0.50000006, w: 0.5000001}
  m_LocalPosition: {x: 0.06, y: 6.11, z: 10.41}
  m_LocalScale: {x: 1.0000005, y: 1, z: 1}
  m_Children: []
  m_Father: {fileID: 6513241025004570669}
  m_RootOrder: 4
  m_LocalEulerAnglesHint: {x: 0, y: -90.00001, z: 90.00001}
--- !u!65 &644983472382335198
BoxCollider:
  m_ObjectHideFlags: 0
  m_CorrespondingSourceObject: {fileID: 0}
  m_PrefabInstance: {fileID: 0}
  m_PrefabAsset: {fileID: 0}
  m_GameObject: {fileID: 8120604151925184195}
  m_Material: {fileID: 0}
  m_IsTrigger: 0
  m_Enabled: 1
  serializedVersion: 2
  m_Size: {x: 7.3, y: 1, z: 7.1}
  m_Center: {x: 0, y: 0, z: 0}
--- !u!1 &8292360606000743437
GameObject:
  m_ObjectHideFlags: 0
  m_CorrespondingSourceObject: {fileID: 0}
  m_PrefabInstance: {fileID: 0}
  m_PrefabAsset: {fileID: 0}
  serializedVersion: 6
  m_Component:
  - component: {fileID: 8560465372371620816}
  - component: {fileID: 8100333009052001688}
  m_Layer: 16
  m_Name: Colliders
  m_TagString: Untagged
  m_Icon: {fileID: 0}
  m_NavMeshLayer: 0
  m_StaticEditorFlags: 0
  m_IsActive: 1
--- !u!4 &8560465372371620816
Transform:
  m_ObjectHideFlags: 0
  m_CorrespondingSourceObject: {fileID: 0}
  m_PrefabInstance: {fileID: 0}
  m_PrefabAsset: {fileID: 0}
  m_GameObject: {fileID: 8292360606000743437}
  m_LocalRotation: {x: -0, y: -0, z: -0, w: 1}
  m_LocalPosition: {x: 0, y: 2.5, z: 0}
  m_LocalScale: {x: 1, y: 1, z: 1}
  m_Children: []
  m_Father: {fileID: 6513241025004570669}
  m_RootOrder: 1
  m_LocalEulerAnglesHint: {x: 0, y: 0, z: 0}
--- !u!65 &8100333009052001688
BoxCollider:
  m_ObjectHideFlags: 0
  m_CorrespondingSourceObject: {fileID: 0}
  m_PrefabInstance: {fileID: 0}
  m_PrefabAsset: {fileID: 0}
  m_GameObject: {fileID: 8292360606000743437}
  m_Material: {fileID: 0}
  m_IsTrigger: 0
  m_Enabled: 1
  serializedVersion: 2
  m_Size: {x: 7.3, y: 1, z: 21.1}
  m_Center: {x: 0, y: 0, z: 0}
--- !u!1001 &5804780716087047670
PrefabInstance:
  m_ObjectHideFlags: 0
  serializedVersion: 2
  m_Modification:
    m_TransformParent: {fileID: 6513241025004570669}
    m_Modifications:
    - target: {fileID: 100000, guid: 49f6a361600efde41b69bbf68ebb594e, type: 3}
      propertyPath: m_Name
      value: MOD_Vagao_windows
      objectReference: {fileID: 0}
    - target: {fileID: 100000, guid: 49f6a361600efde41b69bbf68ebb594e, type: 3}
      propertyPath: m_StaticEditorFlags
      value: 4294967295
      objectReference: {fileID: 0}
    - target: {fileID: 400000, guid: 49f6a361600efde41b69bbf68ebb594e, type: 3}
      propertyPath: m_LocalPosition.x
      value: -0
      objectReference: {fileID: 0}
    - target: {fileID: 400000, guid: 49f6a361600efde41b69bbf68ebb594e, type: 3}
      propertyPath: m_LocalPosition.y
      value: 0
      objectReference: {fileID: 0}
    - target: {fileID: 400000, guid: 49f6a361600efde41b69bbf68ebb594e, type: 3}
      propertyPath: m_LocalPosition.z
      value: 0
      objectReference: {fileID: 0}
    - target: {fileID: 400000, guid: 49f6a361600efde41b69bbf68ebb594e, type: 3}
      propertyPath: m_LocalRotation.x
      value: 0
      objectReference: {fileID: 0}
    - target: {fileID: 400000, guid: 49f6a361600efde41b69bbf68ebb594e, type: 3}
      propertyPath: m_LocalRotation.y
      value: -0
      objectReference: {fileID: 0}
    - target: {fileID: 400000, guid: 49f6a361600efde41b69bbf68ebb594e, type: 3}
      propertyPath: m_LocalRotation.z
      value: -0
      objectReference: {fileID: 0}
    - target: {fileID: 400000, guid: 49f6a361600efde41b69bbf68ebb594e, type: 3}
      propertyPath: m_LocalRotation.w
      value: 1
      objectReference: {fileID: 0}
    - target: {fileID: 400000, guid: 49f6a361600efde41b69bbf68ebb594e, type: 3}
      propertyPath: m_RootOrder
      value: 0
      objectReference: {fileID: 0}
    - target: {fileID: 400000, guid: 49f6a361600efde41b69bbf68ebb594e, type: 3}
      propertyPath: m_LocalEulerAnglesHint.x
      value: 0
      objectReference: {fileID: 0}
    - target: {fileID: 400000, guid: 49f6a361600efde41b69bbf68ebb594e, type: 3}
      propertyPath: m_LocalEulerAnglesHint.y
      value: 0
      objectReference: {fileID: 0}
    - target: {fileID: 400000, guid: 49f6a361600efde41b69bbf68ebb594e, type: 3}
      propertyPath: m_LocalEulerAnglesHint.z
      value: 0
      objectReference: {fileID: 0}
    - target: {fileID: 2300000, guid: 49f6a361600efde41b69bbf68ebb594e, type: 3}
      propertyPath: m_Materials.Array.data[11]
      value: 
      objectReference: {fileID: 2100000, guid: 7e14bf19aabf1c544b3135c62128deb5, type: 2}
    - target: {fileID: 2300000, guid: 49f6a361600efde41b69bbf68ebb594e, type: 3}
      propertyPath: m_Materials.Array.data[8]
      value: 
      objectReference: {fileID: 2100000, guid: 606eb795c476979408010467f7254967, type: 2}
    - target: {fileID: 2300000, guid: 49f6a361600efde41b69bbf68ebb594e, type: 3}
      propertyPath: m_Materials.Array.data[7]
      value: 
      objectReference: {fileID: 2100000, guid: 8fa9d6479118bac498fef4e95c474a48, type: 2}
    - target: {fileID: 2300000, guid: 49f6a361600efde41b69bbf68ebb594e, type: 3}
      propertyPath: m_Materials.Array.data[9]
      value: 
      objectReference: {fileID: 2100000, guid: 98cc7a2afc2f74440baf9aba36c1175b, type: 2}
    - target: {fileID: 2300000, guid: 49f6a361600efde41b69bbf68ebb594e, type: 3}
      propertyPath: m_Materials.Array.data[6]
      value: 
      objectReference: {fileID: 2100000, guid: 8fa9d6479118bac498fef4e95c474a48, type: 2}
    - target: {fileID: 2300000, guid: 49f6a361600efde41b69bbf68ebb594e, type: 3}
      propertyPath: m_Materials.Array.data[5]
      value: 
      objectReference: {fileID: 2100000, guid: 3fd3a7441b0507840bb1a6d475fbb1b2, type: 2}
    - target: {fileID: 2300000, guid: 49f6a361600efde41b69bbf68ebb594e, type: 3}
      propertyPath: m_Materials.Array.data[10]
      value: 
      objectReference: {fileID: 2100000, guid: 52a57a60321647c4c989a8731b30b15a, type: 2}
    - target: {fileID: 2300000, guid: 49f6a361600efde41b69bbf68ebb594e, type: 3}
      propertyPath: m_Materials.Array.data[12]
      value: 
      objectReference: {fileID: 2100000, guid: 3fd3a7441b0507840bb1a6d475fbb1b2, type: 2}
    - target: {fileID: 2300000, guid: 49f6a361600efde41b69bbf68ebb594e, type: 3}
      propertyPath: m_Materials.Array.data[13]
      value: 
      objectReference: {fileID: 2100000, guid: 52a57a60321647c4c989a8731b30b15a, type: 2}
    - target: {fileID: 2300000, guid: 49f6a361600efde41b69bbf68ebb594e, type: 3}
      propertyPath: m_Materials.Array.data[3]
      value: 
      objectReference: {fileID: 2100000, guid: 2d7f0125b4b281341acb30f3336040f5, type: 2}
    - target: {fileID: 2300000, guid: 49f6a361600efde41b69bbf68ebb594e, type: 3}
      propertyPath: m_Materials.Array.data[0]
      value: 
      objectReference: {fileID: 2100000, guid: 98cc7a2afc2f74440baf9aba36c1175b, type: 2}
    - target: {fileID: 2300000, guid: 49f6a361600efde41b69bbf68ebb594e, type: 3}
      propertyPath: m_Materials.Array.data[4]
      value: 
      objectReference: {fileID: 2100000, guid: 42d421d20a3e03149afe5dc41261690f, type: 2}
    - target: {fileID: 2300000, guid: 49f6a361600efde41b69bbf68ebb594e, type: 3}
      propertyPath: m_Materials.Array.data[2]
      value: 
      objectReference: {fileID: 2100000, guid: 7a8f23fc746e9a54cbc07102b530f766, type: 2}
    - target: {fileID: 2300000, guid: 49f6a361600efde41b69bbf68ebb594e, type: 3}
      propertyPath: m_Materials.Array.data[1]
      value: 
      objectReference: {fileID: 2100000, guid: 3fd3a7441b0507840bb1a6d475fbb1b2, type: 2}
    - target: {fileID: 2300000, guid: 49f6a361600efde41b69bbf68ebb594e, type: 3}
      propertyPath: m_Materials.Array.data[16]
      value: 
      objectReference: {fileID: 2100000, guid: b5123496b77c1eb4fa1b469c0e4c0d2d, type: 2}
    m_RemovedComponents: []
  m_SourcePrefab: {fileID: 100100000, guid: 49f6a361600efde41b69bbf68ebb594e, type: 3}
--- !u!4 &5804780716086652790 stripped
Transform:
  m_CorrespondingSourceObject: {fileID: 400000, guid: 49f6a361600efde41b69bbf68ebb594e,
    type: 3}
  m_PrefabInstance: {fileID: 5804780716087047670}
  m_PrefabAsset: {fileID: 0}
