%YAML 1.1
%TAG !u! tag:unity3d.com,2011:
--- !u!1 &2924650740367405242
GameObject:
  m_ObjectHideFlags: 0
  m_CorrespondingSourceObject: {fileID: 0}
  m_PrefabInstance: {fileID: 0}
  m_PrefabAsset: {fileID: 0}
  serializedVersion: 6
  m_Component:
  - component: {fileID: 4357142557745076664}
  - component: {fileID: 8293874410734992318}
  - component: {fileID: 722740900838174810}
  m_Layer: 16
  m_Name: Collider
  m_TagString: Untagged
  m_Icon: {fileID: 0}
  m_NavMeshLayer: 0
  m_StaticEditorFlags: 0
  m_IsActive: 1
--- !u!4 &4357142557745076664
Transform:
  m_ObjectHideFlags: 0
  m_CorrespondingSourceObject: {fileID: 0}
  m_PrefabInstance: {fileID: 0}
  m_PrefabAsset: {fileID: 0}
  m_GameObject: {fileID: 2924650740367405242}
  m_LocalRotation: {x: 0, y: 0, z: 0, w: 1}
  m_LocalPosition: {x: 0, y: 0, z: 0}
  m_LocalScale: {x: 1, y: 1, z: 1}
  m_Children: []
  m_Father: {fileID: 4440550567062953137}
  m_RootOrder: 1
  m_LocalEulerAnglesHint: {x: 0, y: 0, z: 0}
--- !u!65 &8293874410734992318
BoxCollider:
  m_ObjectHideFlags: 0
  m_CorrespondingSourceObject: {fileID: 0}
  m_PrefabInstance: {fileID: 0}
  m_PrefabAsset: {fileID: 0}
  m_GameObject: {fileID: 2924650740367405242}
  m_Material: {fileID: 0}
  m_IsTrigger: 0
  m_Enabled: 1
  serializedVersion: 2
  m_Size: {x: 2.5093303, y: 4.331314, z: 0.3007267}
  m_Center: {x: -1.8475759, y: 2.1329012, z: 0.08759013}
--- !u!65 &722740900838174810
BoxCollider:
  m_ObjectHideFlags: 0
  m_CorrespondingSourceObject: {fileID: 0}
  m_PrefabInstance: {fileID: 0}
  m_PrefabAsset: {fileID: 0}
  m_GameObject: {fileID: 2924650740367405242}
  m_Material: {fileID: 0}
  m_IsTrigger: 0
  m_Enabled: 1
  serializedVersion: 2
  m_Size: {x: 2.3924046, y: 4.331314, z: 0.3007267}
  m_Center: {x: 1.7716389, y: 2.1329012, z: 0.08759013}
--- !u!1 &7674524237210188206
GameObject:
  m_ObjectHideFlags: 0
  m_CorrespondingSourceObject: {fileID: 0}
  m_PrefabInstance: {fileID: 0}
  m_PrefabAsset: {fileID: 0}
  serializedVersion: 6
  m_Component:
  - component: {fileID: 4440550567062953137}
  m_Layer: 0
  m_Name: PREFAB_Vagao_divisoria
  m_TagString: Untagged
  m_Icon: {fileID: 0}
  m_NavMeshLayer: 0
  m_StaticEditorFlags: 0
  m_IsActive: 1
--- !u!4 &4440550567062953137
Transform:
  m_ObjectHideFlags: 0
  m_CorrespondingSourceObject: {fileID: 0}
  m_PrefabInstance: {fileID: 0}
  m_PrefabAsset: {fileID: 0}
  m_GameObject: {fileID: 7674524237210188206}
  m_LocalRotation: {x: 0, y: 0, z: 0, w: 1}
  m_LocalPosition: {x: 0, y: 0, z: 0}
  m_LocalScale: {x: 1, y: 1, z: 1}
  m_Children:
  - {fileID: 1883576094389820586}
  - {fileID: 4357142557745076664}
  m_Father: {fileID: 0}
  m_RootOrder: 0
  m_LocalEulerAnglesHint: {x: 0, y: 0, z: 0}
--- !u!1001 &399812576377478422
PrefabInstance:
  m_ObjectHideFlags: 0
  serializedVersion: 2
  m_Modification:
    m_TransformParent: {fileID: 4440550567062953137}
    m_Modifications:
    - target: {fileID: 9184158892471948686, guid: 94c90b43771dbfe418fe6af430f5e8bf,
        type: 3}
      propertyPath: m_Name
      value: PREFAB_TrainWall_Divider
      objectReference: {fileID: 0}
    - target: {fileID: 2283225028838506940, guid: 94c90b43771dbfe418fe6af430f5e8bf,
        type: 3}
      propertyPath: m_LocalPosition.x
      value: 0
      objectReference: {fileID: 0}
    - target: {fileID: 2283225028838506940, guid: 94c90b43771dbfe418fe6af430f5e8bf,
        type: 3}
      propertyPath: m_LocalPosition.y
      value: 0
      objectReference: {fileID: 0}
    - target: {fileID: 2283225028838506940, guid: 94c90b43771dbfe418fe6af430f5e8bf,
        type: 3}
      propertyPath: m_LocalPosition.z
      value: 0
      objectReference: {fileID: 0}
    - target: {fileID: 2283225028838506940, guid: 94c90b43771dbfe418fe6af430f5e8bf,
        type: 3}
      propertyPath: m_LocalRotation.x
      value: -0
      objectReference: {fileID: 0}
    - target: {fileID: 2283225028838506940, guid: 94c90b43771dbfe418fe6af430f5e8bf,
        type: 3}
      propertyPath: m_LocalRotation.y
      value: -0
      objectReference: {fileID: 0}
    - target: {fileID: 2283225028838506940, guid: 94c90b43771dbfe418fe6af430f5e8bf,
        type: 3}
      propertyPath: m_LocalRotation.z
      value: -0
      objectReference: {fileID: 0}
    - target: {fileID: 2283225028838506940, guid: 94c90b43771dbfe418fe6af430f5e8bf,
        type: 3}
      propertyPath: m_LocalRotation.w
      value: 1
      objectReference: {fileID: 0}
    - target: {fileID: 2283225028838506940, guid: 94c90b43771dbfe418fe6af430f5e8bf,
        type: 3}
      propertyPath: m_RootOrder
      value: 0
      objectReference: {fileID: 0}
    - target: {fileID: 2283225028838506940, guid: 94c90b43771dbfe418fe6af430f5e8bf,
        type: 3}
      propertyPath: m_LocalEulerAnglesHint.x
      value: 0
      objectReference: {fileID: 0}
    - target: {fileID: 2283225028838506940, guid: 94c90b43771dbfe418fe6af430f5e8bf,
        type: 3}
      propertyPath: m_LocalEulerAnglesHint.y
      value: 0
      objectReference: {fileID: 0}
    - target: {fileID: 2283225028838506940, guid: 94c90b43771dbfe418fe6af430f5e8bf,
        type: 3}
      propertyPath: m_LocalEulerAnglesHint.z
      value: 0
      objectReference: {fileID: 0}
    m_RemovedComponents: []
  m_SourcePrefab: {fileID: 100100000, guid: 94c90b43771dbfe418fe6af430f5e8bf, type: 3}
--- !u!4 &1883576094389820586 stripped
Transform:
  m_CorrespondingSourceObject: {fileID: 2283225028838506940, guid: 94c90b43771dbfe418fe6af430f5e8bf,
    type: 3}
  m_PrefabInstance: {fileID: 399812576377478422}
  m_PrefabAsset: {fileID: 0}
